3092 5236
607 405 647 472 77

13 619 117 700 37‚1o
139 639 226 704 sqq.:
250 619 369 686 Theol.
392 619 499 685 Arith.
515 639 547 702 p.
563 618 602 682 41
628 617 683 702 (ex
704 619 876 703 Anatolio)
899 615 945 684 ὅτι
966 609 983 682 ὁ
1006 615 1085 682 ἑπτὰ
1107 615 1237 704 ἀμήτωρ

79 734 139 796 καὶ
170 731 328 816 παρθένος
361 723 424 796 ἀπὸ
458 727 591 817 μονάδος
624 730 781 808 συντεθεὶς
813 729 865 796 τὸν
900 727 954 816 κη’
990 739 1075 794 ποιεῖ
1105 729 1236 795 τέλειον·

78 837 199 930 ἡμέραι
226 842 360 929 σελήνης
388 841 442 928 κη’
471 839 552 906 καθ’
588 839 750 929 ἑβδομάδα
782 841 1070 928 συμπληρωδεῖσαι.
1115 843 1236 908 Theon

76 958 212 1040 Smyrn.
234 977 266 1040 p.
291 957 405 1035 103,19
434 953 495 1041 μὴν
529 955 564 1019 δὲ
590 950 672 1018 καθ’
703 953 879 1042 ἑβδομάδας
912 953 1067 1039 τέσσαρας
1094 953 1237 1040 συμπλη-

77 1069 198 1153 ροῡται,
220 1069 260 1154 τῇ
285 1069 340 1154 μὲν
353 1065 462 1153 πρώτη
479 1064 629 1154 ἑβδομάδι
643 1065 811 1153 διχοτόμου
833 1067 889 1152 τῆς
910 1065 1044 1153 σελήνης
1065 1063 1233 1152 ὁρωμένης,

75 1180 119 1265 τῇ
150 1181 186 1244 δὲ
213 1179 344 1266 δευτέρᾳ
369 1177 610 1266 πλησισελήνου,
637 1179 676 1265 τῇ
706 1180 741 1244 δὲ
768 1179 854 1266 τρίτη
886 1177 1063 1265 διχοτόμου,
1085 1176 1178 1245 ποίλιν
1199 1179 1235 1242 δὲ

76 1293 119 1377 τῇ
150 1291 283 1378 τετάρτη
313 1291 441 1359 σύνοδον
467 1290 653 1378 ποιουμένης
679 1291 756 1376 πρὸς
787 1291 876 1377 ἥλιον
907 1294 963 1356 καὶ
995 1289 1099 1377 ἀρχὴν
1131 1289 1237 1376 ἑτέρου

77 1401 186 1489 μηνός.
231 1405 312 1470 Gell.
341 1405 379 1469 N.
397 1405 447 1470 .A.
469 1405 510 1470 111
524 1405 595 1483 lon
624 1402 795 1469 Praeterea
822 1403 931 1470 scribit
952 1403 1116 1489 (Varro),
1142 1402 1238 1468 lunae

76 1513 279 1580 carmulam
306 1514 416 1596 confici
444 1514 580 1600 inteqris
606 1519 718 1598 crater
751 1515 888 1599 septenis
914 1514 1032 1596 dubus,
1053 1535 1146 1581 nun:
1174 1513 1236 1579 die

77 1626 413 1722 duodetricesimo
435 1627 547 1708 iuna,
575 1627 692 1710 inquit,
715 1649 761 1693 erc
781 1649 854 1710 quo
875 1627 1041 1713 aestiqio
1058 1625 1238 1712 profecta

77 1743 154 1820 est,
177 1739 303 1804 eodem
324 1739 444 1821 redit,
466 1743 685 1822 auctoremque
710 1739 871 1824 opinionis
898 1739 997 1805 huius
1017 1738 1237 1804 Aristidem

79 1872 147 1917 esse
169 1850 352 1917 Samiam.
396 1853 542 1918 Macrob.
561 1873 681 1918 comm.
699 1853 735 1918 in
757 1855 873 1920 Somn.
895 1853 985 1936 Scip.
1007 1854 1105 1933 lons
1127 1850 1238 1918 lanan

77 1983 202 2045 quoque
226 2013 233 2026 .
257 2014 265 2029 .
289 2011 296 2027 .
323 1983 478 2029 annuus
504 1963 703 2047 septenarius
730 1969 829 2029 novet
857 1984 1047 2047 ursumque
1073 1963 1142 2029 eius
1170 1961 1237 2047 inse

78 2075 253 2158 ἀνςμθιιεάν.
277 2127 284 2140 .
309 2126 316 2140 .
341 2127 348 2141 .
371 2075 451 2141 tuna
472 2080 536 2140 octo
557 2080 588 2140 et
608 2075 725 2160 oiqinti
741 2099 840 2161 prope
861 2076 968 2142 diebccs
995 2075 1092 2141 totins
1118 2075 1238 2141 zodiaci

78 2188 236 2254 ambitura
258 2185 390 2268 conficit.
435 2188 502 2274 (52)
525 2187 624 2254 huius
645 2209 716 2273 erqo
737 2187 855 2272 uiqinti
879 2192 944 2254 octo
965 2187 1089 2281 dierum
1110 2185 1238 2252 nnnnri

79 2299 282 2384 septenarius
303 2298 389 2384 οινρο
410 2305 470 2366 est.
493 2320 571 2366 narn
585 2300 614 2365 si
627 2300 665 2366 ab
678 2320 746 2366 uno
766 2318 866 2384 usque
886 2301 929 2366 ac
944 2305 1058 2385 septen
1079 2305 1238 2383 qnantum

81 2412 208 2498 ενιτριάν
229 2411 359 2478 numeri
380 2411 566 2496 exprimat
587 2417 714 2478 mutam
735 2411 988 2478 antecedentibus
1009 2411 1151 2480 addendo
1161 2433 1237 2495 pro·

80 2525 183 2606 cedas,
205 2523 349 2590 invenies
369 2523 486 2609 ονρνιάν
507 2529 572 2590 octo
593 2529 673 2589 nata
694 2524 731 2590 de
752 2529 880 2608 septem.
903 2524 991 2590 huno
1012 2524 1107 2592 etiam
1127 2544 1236 2590 narne-

79 2659 174 2718 rnnr‚
196 2637 253 2719 qui
274 2636 312 2702 in
333 2641 445 2719 quater
471 2641 612 2720 septenos
638 2657 738 2720 acqua
764 2641 847 2702 sorte
873 2636 1046 2722 diquitur,
1073 2638 1116 2703 αά
1143 2642 1238 2703 toturn

79 2749 204 2815 zodiaci
225 2748 428 2814 latitudinem
449 2748 655 2816 emetiendam
675 2748 959 2832 remetieruiauque
980 2748 1145 2814 emacuit.
1167 2801 1175 2815 .
1199 2799 1206 2813 .
1230 2799 1237 2812 .

81 2863 152 2947 (54)
174 2860 329 2926 σνιιιάνδιιε
350 2878 470 2944 oraque
490 2859 777 2945 dispunctionibns
792 2860 1016 2926 lubiornadnn
1032 2859 1165 2926 luminis
1186 2859 1239 2925 sni

80 2973 166 3038 vices
191 2972 382 3058 sempiterna
409 2972 473 3058 ieqe
498 2972 654 3040 variando
683 2972 837 3057 inponit.
858 2973 977 3058 punis
1009 2971 1095 3038 enini
1124 2977 1239 3056 septem

80 3105 183 3168 usqne
208 3085 251 3150 αά
278 3084 471 3150 medietatem
498 3084 583 3151 aetat
614 3084 709 3152 dirisi
736 3085 818 3152 orbis
844 3085 992 3152 onerant
1017 3090 1048 3150 et
1073 3084 1238 3172 διχότομος

81 3203 162 3263 tnnc
182 3201 326 3263 vocatu:
348 3196 495 3262 secundis
509 3197 611 3264 orbem
626 3201 725 3264 totum
743 3203 940 3264 renascentes
961 3197 1051 3283 iones
1072 3196 1239 3284 cottiqencto

80 3309 149 3374 νάιιι
181 3308 301 3392 conpar
332 3314 363 3374 et
383 3309 481 3392 pluto
514 3315 592 3376 tnnc
619 3309 752 3376 dicitur:
786 3310 889 3375 tertiis
915 3308 1087 3396 διχότομος
1118 3331 1235 3375 neruos

82 3419 232 3504 efficitur,
260 3441 331 3485 cunc
358 3420 401 3485 ἀά
421 3420 615 3487 medentem
641 3421 841 3487 decrescendo
868 3421 1084 3488 contrahitur:
1112 3421 1237 3504 quartis

81 3531 199 3598 ultima
220 3531 354 3598 luminis
374 3532 427 3598 sui
449 3532 662 3605 diminutione
684 3538 846 3600 tenuatur.

21 3681 88 3762 38‚1
120 3701 209 3763 sqq.:
231 3680 378 3746 Maerob.
395 3700 516 3746 comm.
532 3682 567 3746 in
583 3683 701 3748 Somn.
714 3683 803 3766 Soip.
819 3684 832 3746 Ι
847 3683 920 3763 636
935 3699 993 3746 neo
1006 3700 1074 3746 non
1095 3680 1240 3746 omnium

84 3813 251 3876 cornarani
273 3797 337 3857 tres
357 3796 436 3857 sunt
456 3791 675 3876 dimensiones,
698 3792 860 3878 nucitudo
881 3791 1014 3858 lettitndo
1030 3791 1239 3877 ριηνινιάνάος

86 3906 129 3989 (ν.
148 3925 218 3987 sup.
235 3905 278 3969 ad
295 3904 411 3988 1023),
434 3904 564 3970 termini
585 3906 794 3971 adnumerato
813 3904 924 3987 effectu
946 3905 1057 3971 ultimo
1077 3909 1237 3987 quatuor,

80 4019 240 4099 punctum
255 4015 340 4081 tinea
356 4015 535 4098 superfluos
548 4021 578 4081 et
594 4017 663 4100 ipsa
680 4015 831 4082 soliditas.
858 4019 902 4082 40
917 4036 957 4082 ecc
973 4021 1123 4100 qnanuor
1137 4015 1240 4100 iqitnr

87 4127 246 4193 elementis
282 4132 312 4192 et
336 4127 437 4193 tribus
466 4150 574 4194 eorunc
605 4128 789 4194 interstitiis
818 4127 1042 4194 absolutionem
1074 4149 1238 4211 οοιμοινιιιι

89 4244 233 4306 constare
242 4238 448 4324 nanifestam
460 4245 518 4307 est:
534 4221 871 4326 erootiidnonnrneri
884 4238 1026 4306 triadica
1040 4243 1239 4322 etquattuor,

88 4357 154 4418 tarn
173 4351 340 4435 multipiici
361 4349 448 4417 inter
468 4373 501 4416 se
522 4352 719 4436 aquationis
732 4352 913 4418 necessitate
934 4349 1043 4416 socrati
1064 4349 1238 4434 efficiendis

86 4463 231 4546 utrisque
252 4464 431 4548 corporibus
452 4483 606 4530 consem
627 4463 771 4530 ministri
790 4462 925 4548 foederis
945 4462 1142 4529 obsecuntur.

21 4605 230 4688 38‚15sqq.:
254 4605 385 4670 Theon.
409 4606 540 4689 Smyrn.
562 4626 595 4688 p.
620 4604 713 4684 1045
737 4604 808 4669 ἔνιοι
830 4601 865 4666 δέ
886 4622 971 4686 φασι,
995 4649 1002 4663 .
1027 4651 1035 4666 .
1059 4651 1067 4666 .
1089 4599 1239 4688 γενόμενα

81 4718 116 4781 δὲ
139 4717 170 4781 ἐν
194 4716 272 4781 ἑπτὰ
295 4718 394 4803 μησὶν
408 4714 613 4802 δδοντοφυεῖν,
632 4713 796 4802 ἐκβάλλειν
816 4736 851 4778 τε
872 4713 943 4791 τοὺς
965 4711 1092 4790 ὀδόντας
1114 4714 1146 4779 ἐν
1161 4711 1239 4778 ἑπτὰ
