3092 5236
581 355 621 418 73

64 563 280 652 ἀριθμητιιιοὺς
307 565 427 644 πάντως
455 567 594 653 ἔχουσιν,
622 561 643 650 ἡ
671 566 727 650 μέν
748 562 799 628 διὰ
821 561 979 648 τεσσάρων
1001 559 1204 648 έπίτριτον,ἡ

64 679 95 742 δέ
115 676 165 741 διὰ
185 676 277 744 πέντε
298 675 447 764 ἡμιόλιον,
470 675 491 763 η
514 678 549 742 δέ
572 673 624 742 διά
645 682 753 741 πασῶν
781 673 949 758 διπλάσιον,
971 673 1149 759 τριπλάσιον
1174 675 1208 738 δέ

63 783 151 874 ἠδιά
171 790 280 856 πασῶν
303 787 368 876 ἅμα
395 792 450 854 καί
480 787 532 854 διὰ
557 788 657 870 πέντε,
679 786 902 873 τετραπλάσιον
925 786 960 850 δέ
981 778 1003 870 ἠ
1025 784 1205 871 τελειοτάτη

63 893 81 984 ἡ
108 901 150 977 δίς
183 899 234 965 διά
266 901 383 966 πασῶν.
434 902 551 967 Theol.
580 901 688 966 Arith.
716 921 748 983 p.
777 901 818 964 λθ
846 899 936 964 δοκεῖ
960 899 995 962 δέ
1022 900 1077 962 καί
1104 897 1207 963 τελεία

64 1005 188 1097 ἁρμονία
215 1013 246 1078 έν
274 1015 352 1098 τρισί
379 1013 567 1100 συμφωνίαις
594 1009 777 1096 ὑφεστάναι,
805 1011 845 1096 τῇ
872 1009 923 1075 διά
950 1008 1117 1094 τεσσάρων,
1143 1008 1210 1095 ἥτις

63 1125 91 1188 έν
112 1124 251 1210 ἐπιτρίτῳ
273 1133 373 1190 κεῖται
393 1123 542 1212 λόγφ,τη”
567 1124 618 1190 διά
639 1123 730 1189 πέντε
753 1124 786 1188 έν
808 1114 1004 1208 ἡμιολίφ,τῇ
1028 1119 1078 1186 διά
1099 1122 1209 1188 πασῶν

64 1237 92 1299 έν
112 1235 277 1322 διπλασίῳ.
302 1235 395 1303 ὄντων
417 1237 453 1302 δέ
467 1230 609 1324 ἀριθμῶν
630 1235 789 1321 τεσσάρων
811 1236 871 1301 τῶν
892 1233 1022 1320 πρώτων
1037 1231 1065 1298 α’
1083 1233 1109 1322 β
1125 1233 1152 1320 γ’
1169 1233 1206 1317 δ’,

64 1349 91 1413 ἐν
110 1347 228 1426 τούτοις
249 1350 305 1412 καί
325 1342 346 1434 ἡ
369 1355 424 1434 τῆς
446 1349 550 1435 ψυχῆς
573 1348 640 1415 ἰδέα
654 1347 832 1434 περιέχεται
853 1347 937 1413 κατὰ
957 1346 1010 1413 τόν
1032 1345 1209 1434 ἐναρμόνιον

63 1459 165 1545 λόγον·
194 1453 212 1526 ό
235 1462 291 1546 μέν
312 1460 372 1546 γάρ
395 1459 421 1525 δ’
444 1468 498 1526 τοῦ
521 1459 549 1548 β’
571 1464 627 1526 καί
649 1459 665 1526 ό
689 1458 716 1548 β’
742 1462 797 1525 τοῦ
824 1458 948 1545 πρώτου
977 1459 1153 1544 διπλασίων,
1177 1460 1209 1526 έν

64 1571 86 1656 tp
116 1581 217 1638 κεῖται
248 1566 269 1659 ἡ
304 1573 355 1638 διὰ
386 1579 495 1639 πασῶν
527 1573 703 1660 συμφωνία,
739 1566 755 1636 ό
788 1572 823 1636 δέ
855 1569 884 1657 γ’
918 1571 973 1636 τοῦ
1000 1568 1027 1657 β’
1060 1569 1209 1657 ἡμιόλιος,

63 1683 213 1771 περιέχων
235 1681 327 1752 αὐτόν
348 1687 404 1750 καί
424 1684 459 1751 τό
480 1680 585 1772 ἥμισυ,
613 1685 646 1751 έν
667 1685 692 1771 <p
714 1682 735 1770 η
760 1682 811 1748 διὰ
831 1682 922 1749 πέντε
944 1683 1114 1770 συμφωνία,
1137 1681 1154 1747 ό
1177 1685 1211 1748 δέ

63 1795 86 1860 δ’
107 1799 160 1863 τοῦ
189 1799 292 1884 τρίτου
320 1798 482 1884 ἐπίτριτος,
506 1800 539 1866 έν
566 1791 635 1886 φη
659 1798 710 1862 διά
737 1796 896 1882 τεσσάρων
930 1797 1104 1884 συμφωνία.
1128 1797 1212 1861 εἰδὲ

64 1909 91 1974 ἐν
111 1911 154 1996 τῷ
179 1908 204 1974 δ’
229 1908 355 1998 ἀριθμῷ
377 1910 412 1976 τό
434 1913 495 1977 πάν
516 1920 616 1976 κεῖται
638 1911 676 1976 ἐτι
706 1913 811 1998 ψυχῆς
832 1913 887 1977 καί
909 1910 1061 1997 σώματος,
1091 1907 1212 1996 ἀληθές

64 2016 121 2105 ἀρα
141 2024 199 2087 καί
213 2017 259 2087 ότι
273 2023 307 2087 αί
325 2024 497 2110 συμφωνίαι
517 2025 617 2089 πάσαι
637 2022 711 2088 κατ’
735 2017 827 2089 αὑτὸν
847 2023 1043 2088 τελειοῦνται.
1089 2023 1209 2088 Theon

64 2135 192 2218 Smyrn.
208 2155 239 2217 p.
256 2136 350 2215 58‚13
373 2136 428 2220 (cf.
445 2157 477 2220 p.
493 2137 601 2219 9319)
624 2134 727 2213 πάσας
749 2137 784 2200 δέ
806 2136 861 2213 τὰς
882 2133 1058 2222 συμφωνίας
1073 2133 1211 2220 περιέχει

63 2238 285 2331 ἡτετραοιτός.
315 2245 482 2333 συνέστησε
512 2249 566 2334 μέν
587 2245 648 2334 γάρ
676 2241 772 2334 αὐτην
794 2247 822 2310 α’
845 2249 900 2312 παὶ
923 2245 950 2335 β’
972 2250 1026 2312 καί
1047 2246 1076 2334 γ’
1099 2249 1153 2312 ιιαί
1176 2245 1212 2312 δ’.

64 2357 93 2423 ἐν
114 2358 150 2421 δέ
178 2355 296 2436 τούτοις
321 2368 385 2437 τοῖς
412 2357 555 2447 ἀριθμοῖς
584 2359 664 2426 ἐστιν
685 2357 707 2445 ἤ
730 2381 763 2425 τε
792 2358 843 2424 διά
870 2357 1029 2446 τεσσάρων
1051 2359 1211 2445 συμφωνία

63 2471 114 2532 καί
141 2463 163 2554 ἡ
193 2469 244 2534 διά
271 2469 361 2537 πέντε
388 2473 443 2536 καί
469 2469 492 2557 ἡ
521 2471 571 2536 διά
596 2470 719 2555 πασῶν,
751 2474 805 2535 καί
827 2465 844 2536 ό
867 2470 1017 2557 ἐπίτριτος
1044 2470 1137 2558 λόγος
1158 2472 1213 2535 καί

64 2573 201 2665 ἡμιόλιος
223 2584 278 2646 καί
300 2581 459 2660 διπλάσιος
482 2585 536 2648 καί
557 2582 734 2668 τριπλάσιος
755 2585 810 2648 καί
830 2582 1062 2667 τετραπλάσιος.

14 2735 93 2813 15,15
116 2757 206 2820 sqq.:
230 2737 347 2802 Theol.
375 2738 483 2804 Arith.
511 2760 543 2822 p.
566 2741 607 2804 λθ
635 2738 743 2825 πρώτη
769 2732 790 2825 ἡ
819 2737 928 2824 τετράς
955 2738 1051 2818 ἔδειξε
1079 2736 1135 2823 την
1159 2741 1213 2804 τοῦ

65 2854 190 2933 στερεοῦ
212 2847 314 2934 φύσιν·
344 2859 472 2936 σημεῖον
499 2849 571 2936 γάρ,
600 2852 666 2917 είτα
693 2849 833 2938 γραμμή,
863 2851 929 2915 είτα
951 2847 1122 2934 ἐπιφάνεια,
1146 2852 1212 2916 είτα

66 2961 190 3048 στερεόν
216 2961 234 3027 ό
260 2985 288 3028 τι
316 2963 415 3049 σῶμα.
462 2964 582 3030 Theon
609 2965 740 3048 Smyrn.
768 2985 800 3047 p.
830 2964 922 3042 8321
954 2959 1065 3048 στιγμη
1088 2962 1124 3025 δέ
1145 2957 1216 3028 οὔτε

67 3073 147 3139 ιιατά
169 3069 469 3162 πολλαπλασιασμόν
490 3074 562 3140 οὔτε
583 3074 666 3140 τιατά
688 3074 831 3141 σύνθεσιν
853 3074 1013 3160 (αὔξεται),
1030 3071 1111 3139 ἀλλά
1133 3073 1216 3139 τιατά

65 3188 225 3274 συνέχειαν
252 3185 359 3272 ρυεῖσά
386 3210 421 3252 τε
447 3190 502 3252 καί
530 3188 696 3274 ἐνεχθεῖσα
723 3185 872 3274 γραμμὴν
898 3183 1058 3270 ἀποτελεῖ,
1086 3185 1215 3273 γραμμη

66 3300 99 3364 δέ
121 3296 310 3384 ἐπιφάνειαν,
340 3297 501 3385 ἐπιφάνεια
528 3301 563 3365 δέ
585 3307 691 3388 σῶμα.
717 3322 750 3384 p.
776 3301 891 3380 111‚14
911 3299 950 3363 τά
973 3299 1008 3362 δέ
1030 3291 1109 3363 αάτόι
1132 3291 1216 3384 εὑρε-

65 3410 199 3496 θήσεται
226 3413 281 3475 καὶ
308 3412 358 3476 ἐπὶ
379 3411 566 3499 σχημάτων·
597 3412 639 3478 ῶν
667 3409 789 3497 πρῶτόν
817 3413 897 3477 ἐστιν
918 3404 939 3496 ἡ
963 3409 1085 3497 στιγμή,
1108 3405 1126 3474 ό
1149 3411 1213 3475 ἐστι

65 3531 194 3609 σημεῖον
222 3521 378 3610 ἀμέγεθες
405 3526 460 3588 καί
488 3522 687 3608 ἀδιάστατον,
715 3523 862 3611 γραμμῆς
888 3521 1001 3608 πέρας,
1028 3523 1091 3588 οίον
1120 3521 1215 3607 μονάς

65 3636 153 3700 θέσιν
175 3637 310 3721 ἔχουσα.
337 3635 449 3701 τοῦδέ
478 3636 631 3722 μεγέθους
652 3635 688 3702 τό
712 3638 766 3723 μέν
789 3633 840 3720 ἐφ’
863 3635 895 3700 ἓν
922 3632 1084 3700 διαστατόν
1105 3655 1140 3698 τε
1162 3637 1218 3698 καί

68 3747 215 3834 διαιρετόν
237 3745 377 3834 γραμμή,
401 3748 502 3834 μῆκος
524 3747 602 3813 οὖσα
625 3747 775 3824 ἀπλατές·
798 3745 833 3813 τό
856 3745 885 3810 δ’
911 3747 962 3810 ἐπὶ
984 3744 1039 3812 δύο
1062 3745 1216 3830 ἐπίπεδον,

68 3861 167 3944 μῆκος
194 3860 269 3945 ἕχον
295 3861 350 3924 οιαί
376 3858 506 3937 πλάτος·
535 3860 570 3925 τό
599 3858 630 3923 δ’
655 3861 705 3925 ἐπὶ
730 3858 800 3945 τρία
827 3857 961 3944 στερεόν,
985 3857 1085 3946 μῆκός
1106 3880 1140 3924 τε
1161 3861 1216 3922 καί

67 3970 181 4049 πλάτος
209 3973 263 4035 καὶ
292 3969 393 4057 βάθος
420 3973 503 4058 ἕχον.
554 3975 646 4039 Sext.
675 3973 791 4055 Pyrrh.
819 3969 1217 4056 λιγμοέ.111154τόμέν

68 4081 127 4168 γάρ
156 4091 284 4170 σημεῖον
310 4082 362 4150 τόν
388 4084 444 4169 τῆς
472 4081 605 4170 μονάδος
633 4083 757 4169 ἐπέχειν
784 4081 894 4169 λόγον,
921 4081 977 4168 τήν
1006 4084 1041 4148 δέ
1067 4081 1216 4169 γραμμὴν

69 4193 120 4261 τόν
147 4198 202 4280 τῆς
230 4192 344 4272 δυάδος
372 4194 441 4280 (δύο
469 4195 530 4282 γὰρ
559 4195 694 4282 σημείων
723 4194 836 4282 μεταξύ
863 4195 1057 4279 θεωρεῖσθαι
1079 4193 1216 4279 ταύτην),

69 4307 124 4390 τήν
151 4307 186 4370 δέ
214 4305 392 4392 ἐπιφάνειαν
420 4307 473 4373 τόν
498 4309 554 4393 τῆς
579 4307 701 4393 τριάδος
734 4305 833 4392 (φύσιν
865 4304 927 4392 γὰρ
955 4305 1033 4371 είναί
1060 4328 1135 4390 φασι
1163 4307 1219 4392 τῆς

69 4419 213 4506 γραμμῆς
235 4419 277 4496 είς
297 4417 414 4497 πλάτος
436 4412 487 4485 ἐπ’
512 4419 590 4485 ἀλλο
613 4429 741 4507 σημεῖον
764 4420 802 4483 έτι
828 4418 961 4503 πλαγίου
989 4417 1153 4504 κείμενον),
1180 4419 1216 4484 τό

70 4531 104 4594 δέ
135 4536 225 4616 σῶμα
255 4528 308 4595 τόν
339 4535 395 4615 τῆς
426 4529 586 4616 τετράδος·
626 4530 831 4598 ἐπανάστασιν
867 4527 929 4614 γὰρ
960 4527 1124 4614 γίγνεσθαι
1160 4531 1217 4615 τῆς

71 4641 246 4727 ἐπιφανείας
273 4641 324 4706 ἐπί
349 4664 376 4707 τι
403 4651 531 4728 σημεῖον
558 4636 793 4730 ὑπερκείμενον.
823 4641 896 4707 adv.
925 4643 1028 4708 math.
1056 4642 1098 4706 IV
1119 4643 1216 4706 4-5
