3142 5238
1217 371 1257 434 Ll

119 555 331 620 Adiectivum
347 557 437 638 quod
459 561 598 622 vocatur
619 558 882 640 praedicativum
906 558 947 622 de
964 559 1102 623 nomine
1125 579 1256 624 mascu-

19 667 103 730 lino
128 668 181 731 vel
210 667 371 731 feminino
400 670 552 750 pendens
577 670 848 752 frequentissime
876 670 1020 734 formam
1043 671 1152 734 induit
1175 692 1256 736 neu·

19 784 137 843 tram.
172 779 262 842 velut
295 779 365 858 em
402 776 486 857 τάξει
518 773 549 843 δ’
584 779 718 866 ἀριθμός
751 781 880 844 οἰκεῖον.
919 783 1013 860 rom
1047 781 1187 866 πενταχῆ
1222 782 1257 845 δὲ

19 889 151 974 τμητόν
174 889 334 973 αἴσθησις.
363 891 437 969 r3,5
465 889 552 974 φύσις
581 891 616 955 δὲ
645 891 764 978 βέλτιον
785 891 975 977 σπέρματος.
1005 893 1080 971 mn
1101 892 1202 957 κακόν
1225 890 1253 956 δ’

19 999 45 1085 ἡ
67 1000 176 1073 κακία
193 1000 296 1064 καλαί
316 1001 399 1064 κατά
414 1003 529 1068 κακίαν
545 1003 707 1088 ἐνέργειαι.
731 1007 827 1083 θ7,10
848 998 979 1069 ὕστατόν
994 1005 1074 1069 ἐστιν
1090 1003 1256 1087 ἄνθρωπος

19 1114 86 1197 τῆς
101 1112 159 1178 τοῦ
181 1109 301 1196 κόσμου
322 1111 487 1197 γενέσεως.
510 1115 583 1195 θλθ
607 1114 698 1201 μόνον
721 1113 750 1178 δ’
768 1115 838 1179 οὔτε
861 1122 962 1181 κινοῦν
985 1115 1056 1179 οὔτε
1078 1113 1256 1200 κινούμενον

20 1219 40 1288 ό
69 1225 282 1313 πρεσβύτερος
305 1227 412 1314 ἄρχων
434 1229 489 1292 καί
510 1220 646 1313 ἡγεμών.

117 1341 313 1406 Pronomen
336 1341 511 1405 relativum
528 1360 668 1405 numero
685 1345 718 1404 et
737 1360 859 1422 genere
882 1340 1085 1422 aliquotiens
1102 1341 1256 1422 congruit

20 1471 107 1514 cum
127 1452 338 1518 substantivo
358 1453 448 1535 quod
467 1452 617 1517 succedit
636 1453 874 1533 praedicativo
892 1471 962 1516 non
980 1471 1057 1515 cum
1074 1471 1113 1515 eo
1130 1452 1171 1515 de
1189 1472 1254 1534 quo

18 1565 173 1644 pendet.
198 1564 239 1629 cf.
263 1566 335 1642 7‚13
359 1558 376 1628 ό
400 1564 552 1648 αἰσθητός
574 1562 701 1649 κόσμος,
725 1563 742 1628 ὃ
765 1564 870 1649 μεῖζον
892 1561 948 1648 τῆς
970 1558 1170 1647 ἀνθρωπίνης
1192 1562 1256 1626 ἐστὶ

21 1674 159 1759 μίμημα
182 1674 272 1752 θείας
295 1673 422 1757 εἰκόνος,
452 1681 485 1741 et
508 1677 651 1740 subinde
673 1668 694 1759 ἡ
718 1673 894 1761 ἀρχέτυπος
922 1673 1063 1758 σφραγίς,
1093 1671 1131 1739 όν
1153 1696 1255 1758 φαμεν

18 1783 143 1869 νοητόν
172 1787 247 1851 εἶναι
274 1785 406 1872 κόσμον.
430 1790 482 1866 9,8
506 1789 561 1850 καὶ
584 1787 663 1851 ἔστιν
691 1780 911 1871 ὑπερουράνιος
938 1784 1049 1870 ἀστήρ,
1078 1782 1166 1870 πηγὴ
1194 1791 1254 1850 τῶν

21 1897 195 1980 αἰσθητῶν
217 1890 365 1981 ἀστέρων,
389 1897 428 1983 ἢν
451 1892 510 1963 οόκ
533 1897 595 1962 ἀπό
618 1905 740 1962 σκοποῦ
761 1898 922 1962 καλέσειεν
938 1897 975 1963 ἀν
990 1919 1033 1974 τις
1047 1895 1253 1982 παναύγειανε

21 2009 209 2072 relativum
239 2007 319 2092 (ἥν),
349 2011 439 2092 quod
466 2011 592 2093 pendet
621 2011 662 2075 de
692 2009 901 2074 substantivo
930 2006 1030 2093 ἀστήρ
1060 2009 1142 2092 (non
1165 2010 1255 2074 enim

20 2121 68 2184 ad
94 2116 188 2203 πηγή
210 2121 423 2186 referendum
447 2124 521 2204 est),
546 2121 699 2203 congruit
722 2141 796 2185 curn
821 2121 1031 2185 substantivo
1054 2119 1254 2204 παναόγειαν.

21 2233 65 2296 cf.
100 2233 256 2312 Kuhner,
286 2235 340 2298 Gr.
365 2234 418 2297 Gr.
442 2235 469 2298 ll
494 2236 508 2297 1
538 2255 569 2316 p.
598 2235 649 2297 68.
679 2235 797 2298 eadem
827 2233 957 2297 ratione
981 2232 1180 2313 explicanda
1203 2238 1255 2298 est

20 2347 200 2408 structura
229 2364 313 2426 quae
342 2345 462 2426 legitur
490 2347 563 2423 8‚l8
590 2345 713 2428 πρῶτον
742 2343 795 2408 οὖν
824 2337 840 2407 ό
870 2344 964 2408 ποιῶν
999 2343 1096 2407 ἐποίει
1124 2341 1253 2428 οόρανόν

19 2451 199 2539 ἀσώματον
220 2457 275 2518 καί
295 2455 355 2539 γῆν
378 2453 512 2539 ἀόρατον
535 2457 590 2519 καί
611 2452 705 2539 ἀέρος
727 2455 812 2520 ίδέαν
834 2457 889 2518 καί
911 2455 1019 2519 κενοῦ·
1049 2453 1091 2519 ὥν
1118 2454 1159 2518 τό
1189 2457 1254 2540 μὲν

21 2563 205 2651 ἐπεφήμισε
228 2565 361 2643 σκότος.
380 2618 387 2632 .
405 2617 429 2649 .‚
452 2565 518 2652 τήν
541 2565 571 2630 δ’
596 2567 743 2653 ἄβυσσον,
766 2567 822 2631 ubi
845 2566 880 2629 τό
905 2566 968 2651 μὲν,
992 2567 1082 2648 quod
1104 2568 1147 2631 ad
1163 2565 1254 2649 ἀέρος

20 2678 244 2742 referendum
268 2681 329 2755 est,
353 2698 428 2742 cum
452 2679 662 2742 substantivo
691 2677 802 2754 σκότος
826 2678 988 2759 congruit,
1016 2677 1139 2760 τήνδε,
1164 2679 1253 2760 quod

20 2791 66 2853 ad
94 2783 368 2871 nevod'pertinet
393 2810 467 2854 curn
491 2791 701 2854 substantivo
724 2789 870 2876 ἄβυσσον.

113 2900 292 2964 Adiectiva
316 2902 368 2965 vel
395 2902 575 2983 participia
603 2906 722 2965 neutra
750 2902 890 2965 articulo
918 2901 1066 2983 praefixo
1088 2920 1150 2982 pro
1176 2901 1252 2964 sub-

21 3012 186 3076 stantivis
209 3012 388 3076 abstractis
413 3013 480 3076 iam
501 3033 520 3076 a
542 3013 711 3076 veteribus
736 3013 957 3094 scriptoribus
985 3011 1139 3094 usurpari
1164 3012 1251 3075 sole-

20 3128 127 3204 bant,
167 3125 320 3207 inprimis
358 3146 378 3189 a
415 3126 612 3208 Thucydide
649 3129 682 3188 et
718 3126 868 3188 Platone.
914 3124 1048 3188 Philoni
1087 3124 1251 3188 eiusmodi

20 3237 193 3300 voeabula
216 3236 250 3300 in
274 3237 403 3301 deliciis
428 3242 520 3301 sunt:
545 3238 584 3302 cf.
609 3239 660 3314 λθ
684 3237 777 3300 ἕνεκα
798 3236 853 3299 τοῦ
875 3235 1043 3319 θεοφιλοῦς
1063 3233 1181 3298 amoris
1202 3233 1252 3298 dci

22 3367 140 3412 comeo.
169 3348 242 3428 o‚15
271 3345 306 3410 τό
335 3343 537 3433 εὐάρμοστον,
565 3348 600 3411 τό
630 3346 809 3432 σύμφωνον.
839 3346 986 3430 θ9,13ί14
1013 3347 1047 3409 τό
1076 3347 1135 3411 τῶν
1157 3343 1251 3430 ἀναγ-

21 3459 126 3523 καίων
161 3457 363 3542 δυσπόριστον
391 3459 434 3542 (ν.
464 3480 534 3542 sup.
569 3481 601 3542 p.
631 3459 751 3542 XLVI).
782 3458 855 3537 326
884 3455 961 3542 πρός
992 3457 1027 3520 τὸ
1057 3456 1182 3541 εὔεδρον
1210 3456 1251 3520 od

21 3568 157 3634 sedendi
190 3568 449 3634 commoditatem.
483 3571 556 3650 44,ss
591 3571 645 3633 τοῦ
679 3570 875 3653 θεοπρεποῦς
912 3567 1040 3632 divinoe
1073 3566 1248 3652 dipmltotis.

20 3678 175 3766 47‚15l16
197 3684 251 3744 τοῦ
274 3679 454 3757 συνειδότος.
1306 3664 1309 3670 ’

110 3793 255 3857 Articuli
283 3814 365 3857 usus
394 3794 482 3876 apud
510 3795 704 3871 Philonem,
733 3798 769 3857 ut
798 3794 886 3875 apud
914 3812 1032 3857 omnes
1051 3793 1249 3883 ¹scriptores

22 3905 245 3985 posteriores,
258 3906 361 3970 multo
374 3905 513 3970 liberior
525 3911 683 3988 estquam
694 3905 784 3987 apud
796 3905 978 3986 scriptores
990 3905 1136 3980 Attic0s3
1149 3924 1249 3985 saepe

23 4018 117 4080 enim
143 4017 317 4095 omittitur,
340 4018 398 4081 ubi
422 4017 607 4081 secundum
629 4016 797 4080 Atticismi
821 4036 957 4080 normas
986 4015 1163 4097 ponendus
1187 4019 1248 4078 est.

111 4127 217 4208 Magis
246 4128 434 4192 Atticorum
464 4128 666 4209 scriptorum
692 4127 857 4191 usumin
888 4127 1050 4210 syntaxi
1085 4145 1248 4189 casuum

23 4239 177 4302 imitatus
202 4243 252 4303 est
276 4245 308 4303 et
331 4259 407 4303 raro
436 4240 478 4302 ab
509 4258 548 4302 eo
578 4239 743 4302 discessit.
773 4237 950 4302 severioris
978 4236 1147 4301 Atticismi
1169 4256 1248 4317 pro·

23 4352 120 4430 prius
145 4353 197 4414 est
219 4350 392 4431 genetivus
409 4351 465 4415 ille
479 4350 655 4432 partitivus
680 4351 736 4432 qui
752 4353 803 4414 est
819 4349 854 4413 in
878 4350 1050 4414 enuntiato
1074 4340 1094 4428 ἡ
1118 4346 1247 4431 πλείστη

23 4462 77 4545 τῆς
102 4458 212 4546 χώρας
238 4466 271 4526 et
295 4462 475 4527 similibus:
505 4462 545 4526 cf.
574 4463 721 4538 Krihner,
751 4462 804 4525 Gr.
829 4461 884 4525 Gr.
907 4463 933 4524 ll
959 4463 972 4523 l
997 4481 1029 4542 p.
1053 4461 1124 4523 239.
1149 4458 1247 4522 huius

23 4594 106 4638 usus
139 4573 174 4635 in
202 4572 316 4637 libello
347 4574 388 4637 de
411 4573 543 4654 opificio
567 4573 683 4637 mundi
706 4572 771 4636 duo
796 4574 948 4653 exempla
975 4571 1145 4652 leguntur:
1174 4572 1248 4648 225

25 4684 132 4770 ψυχῆς
153 4683 215 4768 γὰρ
237 4681 259 4768 ἡ
283 4686 338 4769 μὲν
361 4677 518 4769 ἀργοτάτη
543 4685 597 4748 καί
622 4683 736 4768 ἥκιστα
757 4682 966 4768 τετυπωμένη,
995 4683 1089 4762 65,17
1112 4687 1167 4766 τῆς
1189 4687 1248 4768 γῆς
