3142 5238
257 349 348 414 XXX

258 538 434 602 doctorum
457 535 617 600 adhibitis
641 555 763 600 novam
785 540 897 602 textus
921 537 1154 602 recensionem
1177 535 1339 600 instituit.
1372 537 1499 618 itaque

257 651 345 714 bene
369 649 410 713 de
438 648 580 713 Philone
612 647 769 713 meritum
798 668 873 712 esse
895 648 1085 730 Mangeinm
1112 649 1301 730 negandum
1325 668 1407 712 non
1436 651 1498 712 est.

260 761 319 826 sed
349 780 410 824 nec
441 759 522 824 satis
551 760 668 824 habuit
698 759 925 824 subsidiorum
954 779 1016 824 nec
1046 759 1206 824 subsidiis
1236 780 1320 842 quae
1347 779 1499 841 compa-

260 874 391 936 raverat
425 891 464 936 ea
497 890 562 952 qua
594 890 656 952 par
690 873 742 935 est
775 870 956 952 deligentia
989 875 1022 935 et
1056 872 1206 936 sollertia
1233 891 1313 935 usus
1347 875 1428 950 est,
1462 875 1499 934 ut

258 984 513 1049 fundamentum
546 981 652 1064 magis
686 981 839 1047 Philonis
875 983 996 1046 edendi
1029 983 1145 1048 iecerit
1179 1003 1278 1065 quarn
1306 983 1352 1046 ad
1380 983 1497 1047 finem

258 1116 329 1160 rem
350 1094 553 1178 perduxerit.

344 1215 493 1280 Collatos
527 1215 665 1296 Mangey
698 1214 844 1278 habebat
873 1212 1005 1278 codices
1038 1212 1235 1278 Vaticanum
1267 1214 1326 1277 151
1364 1213 1496 1297 (immo

258 1325 639 1392 Vaticano-Palatinum
663 1323 747 1408 151),
774 1327 843 1388 1105
874 1325 1007 1389 codices
1034 1325 1209 1388 Parisinus
1236 1324 1362 1405 Regios
1390 1326 1495 1390 1895.

257 1439 351 1503 2250.
375 1438 455 1502 2251
482 1436 585 1520 (nunc
601 1437 750 1501 numeris
772 1437 845 1502 433.
861 1438 935 1501 434.
950 1437 1014 1500 435
1036 1436 1210 1518 signatos),
1234 1435 1495 1500 Coislinianum

257 1551 309 1628 43,
333 1549 573 1631 Augustanum,
586 1552 655 1612 tres
669 1548 802 1612 codices
813 1548 1035 1627 Oxonienses,
1047 1567 1151 1612 unum
1158 1546 1494 1627 Cantabrigiensem,

260 1659 404 1742 denique
427 1660 577 1724 codicem
599 1659 799 1723 Mediceum.
823 1680 864 1724 ex
886 1661 950 1722 hac
974 1659 1127 1722 codicum
1150 1658 1246 1739 copia
1269 1658 1304 1721 in
1326 1657 1421 1721 libro
1450 1659 1494 1722 de

261 1771 392 1853 opificio
416 1770 532 1834 mundi
562 1774 802 1834 commemorat
825 1769 1021 1833 Vaticanum
1046 1768 1290 1834 Goislinianum
1312 1769 1492 1849 Augusta-

258 1903 339 1947 num
361 1901 464 1946 unum
488 1881 717 1946 Oxoniensem
741 1881 1053 1962 Cantabrigiensem
1075 1880 1275 1944 Mediceum.
1299 1880 1340 1942 de
1365 1881 1492 1944 codice

257 1992 600 2058 Vaticano-Palatino
624 1993 684 2056 153
709 1992 897 2073 supradixi
919 2013 951 2073 p.
969 1993 1041 2056 XIV
1058 2013 1118 2074 sq,
1143 1991 1183 2054 de
1206 1990 1423 2055 Coisliniano
1446 1993 1490 2054 43

259 2127 291 2187 p.
304 2106 370 2184 XII,
387 2106 428 2170 de
439 2106 636 2186 Augustano
650 2102 857 2186 (Monacensi
868 2101 944 2186 459)
956 2124 988 2184 p.
1001 2104 1058 2179 XI;
1083 2103 1232 2166 codicem
1249 2101 1490 2167 Oxoniensenr

260 2217 413 2299 (Collegii
441 2215 525 2280 Novi
552 2214 625 2298 143)
654 2215 884 2296 apographum
914 2234 989 2279 esse
1018 2215 1144 2278 codicis
1172 2214 1291 2279 Veneti
1312 2215 1351 2277 41
1381 2233 1490 2295 supra

259 2328 328 2392 dixi
342 2348 375 2409 p.
391 2327 462 2391 XIII
472 2327 512 2409 1).
536 2330 692 2408 quattuor
709 2326 807 2407 igitur
824 2326 957 2391 codices
974 2327 1093 2391 classis
1117 2346 1144 2393 a
1167 2326 1320 2390 adhibuit
1341 2327 1489 2408 Mangey

259 2441 292 2501 01
315 2456 431 2500 eorum
453 2437 666 2518 potissimum
690 2437 888 2500 memoriam
906 2437 941 2500 in
957 2437 1103 2502 editione
1127 2457 1188 2502 sua
1211 2436 1389 2520 expressit,
1406 2457 1488 2501 cum

260 2548 439 2612 Turnebus
468 2548 702 2613 auctoritatem
731 2548 885 2612 codicum
912 2547 1144 2612 Parisinorum
1172 2549 1235 2614 433
1259 2549 1379 2613 01434
1408 2549 1432 2612 1.
1460 2570 1488 2612 e.

261 2658 419 2723 01055155
443 2662 575 2724 secutus
593 2663 692 2723 esset.
717 2660 867 2723 codicem
891 2660 1280 2742 cantabrigiensem
1305 2659 1486 2741 Collegii

260 2771 293 2835 S.
318 2769 543 2834 Trinitatis
567 2772 604 2834 B.
621 2772 650 2834 9.
668 2771 687 2833 o
711 2770 840 2854 (chart,
864 2772 973 2836 forma
987 2771 1143 2851 maxima,
1160 2791 1247 2836 saec.
1263 2771 1347 2854 XVI)
1363 2791 1486 2853 nuper,

260 2881 338 2945 dum
362 2880 597 2962 Cantabrigiae
621 2901 745 2960 moror,
775 2882 907 2964 inspexi
931 2888 964 2946 et
985 2883 1084 2964 pretii
1112 2883 1235 2947 nullius
1266 2902 1341 2947 esse
1366 2884 1487 2948 statim

260 2992 416 3074 cognovi.
446 2992 591 3074 scriptus
621 2998 672 3057 est
701 3012 803 3057 manu
833 2994 1138 3076 neglegentissime,
1167 2994 1324 3058 librarius
1348 2995 1485 3059 duobus

260 3103 421 3185 exemplis
449 3103 580 3167 videtur
608 3124 689 3168 usus
717 3123 807 3184 esse,
838 3123 979 3188 quorum
1008 3107 1150 3170 alterum
1180 3105 1285 3169 codex
1315 3106 1486 3171 01055155

260 3216 324 3300 (vel
347 3214 492 3278 fortasse
514 3213 589 3295 ipsa
604 3213 707 3278 editio
723 3214 905 3299 princeps),
929 3217 1071 3281 alterurn
1088 3218 1194 3304 codex
1216 3217 1335 3280 0105515
1359 3237 1387 3282 α
1404 3217 1485 3280 fuit:

261 3325 411 3408 sequitur
434 3323 524 3387 enim
547 3324 648 3388 modo
671 3325 759 3390 hanc
782 3327 883 3391 modo
907 3328 999 3392 illam
1022 3329 1231 3407 memoriam,
1256 3347 1356 3411 saepe
1381 3328 1485 3392 simul

256 3440 433 3518 utramque
461 3435 588 3516 recepit
615 3436 668 3500 vel
702 3458 803 3519 snpra
835 3459 970 3503 versum
1003 3441 1055 3504 veI
1084 3440 1119 3504 in
1147 3439 1299 3520 margine
1327 3459 1367 3502 ea
1396 3459 1485 3521 quae

258 3547 368 3628 primo
393 3546 575 3629 scripserat
598 3548 813 3629 corrigendo.
838 3550 1006 3631 margines
1023 3550 1148 3614 codicis
1164 3550 1339 3632 permultis
1364 3550 1485 3612 obser-

257 3657 449 3722 vationibus
473 3658 765 3724 emendationibus
790 3662 991 3725 coniecturis
1019 3662 1175 3744 completi
1199 3665 1278 3726 sunt
1300 3660 1483 3743 adscriptis

259 3789 279 3833 a
302 3767 443 3832 diversis
468 3770 639 3834 manibus:
662 3770 817 3835 videlicet
832 3773 933 3854 longo
949 3776 1140 3854 temporum
1163 3772 1306 3836 decursu
1329 3771 1483 3835 codicem

258 3881 353 3945 multi
376 3882 530 3945 homines
554 3885 796 3959 tractaverunt3
825 3883 944 3965 quibus
977 3903 1047 3948 non
1071 3882 1186 3947 dubito
1215 3882 1296 3964 quin
1319 3882 1483 3947 adnume-

257 3993 383 4059 randus
408 3992 926 4074 5111000005(110151001101500,
950 3995 1006 4077 qui
1029 3995 1135 4058 altera
1149 3997 1244 4075 parte
1269 3994 1393 4057 saeculi
1409 3994 1483 4058 XVI

241 4105 370 4169 'socius
387 4105 448 4168 fuit
465 4104 604 4184 Collegii
628 4104 662 4168 S.
680 4104 871 4170 Trinitatis.
895 4126 966 4170 non
984 4106 1106 4170 mirum
1122 4105 1222 4187 igitur
1237 4104 1327 4186 quod
1342 4105 1482 4186 Mangey

259 4237 359 4298 saepe
389 4217 525 4281 easdem
554 4215 717 4280 lectiones
746 4216 823 4280 huic
853 4217 961 4281 codici
989 4216 1087 4281 simul
1111 4219 1144 4280 et
1167 4215 1480 4297 ChriStophorsono

345 4487 366 4556 1)
385 4488 470 4541 verba
487 4487 540 4556 ἤδη
560 4489 608 4556 τῆς
627 4489 694 4550 θέας
713 4488 750 4556 (p.
768 4488 847 4556 61,9),
859 4505 930 4557 qnae
943 4488 998 4542 11110
1010 4489 1092 4542 huin's
1106 4486 1207 4540 codicis
1220 4486 1337 4555 Mangey
1348 4485 1479 4556 reposuit,

257 4591 314 4629 non
341 4575 369 4629 in
398 4580 527 4629 contextu
553 4575 683 4643 leguntur
709 4573 766 4640 (ubi
793 4578 841 4643 τῆς
869 4575 1038 4643 εἰδεχθείας),
1066 4575 1116 4628 sed
1141 4573 1170 4628 in
1199 4573 1322 4640 margine
1353 4590 1371 4627 a
1396 4590 1482 4627 manu

256 4661 453 4715 recentissima.
