3092 5236
886 334 926 398 72

300 542 406 624 14‚19:
428 543 558 627 <Plut.>
580 565 633 628 ap.
656 547 749 612 Stob.
774 545 841 612 Ecl.
857 547 870 610 l
885 547 1038 612 Prooem.
1064 547 1104 610 10
1125 542 1361 631 Πυθαγόρας
1383 545 1509 631 πλείστη

362 655 483 741 σπουδῇ
506 658 575 740 περὶ
597 654 667 734 τούς
689 653 842 744 ἀριθμούς
865 655 1024 744 ἐχρήσατο
1046 656 1101 736 τάς
1122 680 1157 722 τε
1178 657 1238 725 τῶν
1263 655 1354 744 ζῴων
1379 657 1511 744 γενέσεις

364 764 477 852 ἀνῆγεν
499 768 541 844 εἰς
563 761 716 855 ἀριθμούς
736 771 791 834 καὶ
812 775 872 836 τῶν
894 762 1033 854 ἀστέρων
1054 769 1109 847 τὰς
1129 767 1304 855 περιόδους.
1328 771 1373 835 ἐτι
1398 771 1437 834 δέ
1459 780 1511 846 τοῖς

363 880 450 957 θεοῖς
483 879 661 960 ἀπεικάζων
694 880 907 970 ἐπωνόμαζεν,
942 875 983 960 ῶς
1011 876 1192 948 Ἀπόλλωνα
1225 884 1279 970 μέν
1306 882 1364 967 τήν
1394 880 1510 969 μονάδα

363 989 519 1058 οὖσαν...
535 994 589 1056 καί
603 991 659 1079 την
674 993 795 1059 δεκάδα
816 993 1060 1060 Παντέλειαν.
1104 995 1208 1061 Arist.
1223 996 1298 1060 Met.
1315 997 1328 1060 Ι
1344 996 1373 1062 5.
1395 997 1511 1061 986a8

364 1105 480 1171 τέλειον
506 1104 527 1191 ἡ
557 1104 652 1184 δεκάς
679 1107 755 1174 εἶναι
783 1108 873 1174 δοκεῖ
899 1110 955 1172 καί
980 1113 1085 1173 πᾶσαν
1114 1106 1345 1192 περιειληφέναι
1371 1105 1436 1192 τὴν
1463 1114 1512 1172 τῶν

366 1215 507 1304 ἀριθμῶν
528 1215 627 1304 φύσιν.
649 1257 691 1268 -
715 1221 832 1286 Theol.
855 1221 963 1286 Arith.
986 1241 1019 1303 p.
1042 1221 1082 1286 23
1107 1220 1194 1305 (Ast)
1223 1218 1332 1306 ἐτίμων
1361 1220 1401 1284 δέ
1426 1217 1512 1304 αὐτὴν

366 1327 524 1414 (τετράδα)
547 1330 577 1395 οί
596 1329 861 1418 Πυθαγόρειοι
883 1324 924 1409 ῶς
946 1330 1078 1409 δεκάδος
1099 1329 1290 1418 γεννητικην.

305 1459 389 1538 15,1;
413 1459 530 1524 Theol.
558 1458 665 1525 Arith.
693 1482 724 1544 p.
753 1462 796 1526 44
819 1511 826 1528 .
850 1510 889 1526 ..
924 1459 969 1526 ότι
1001 1459 1041 1526 τά
1073 1463 1128 1547 μέν
1161 1457 1223 1525 ἀπό
1258 1459 1393 1547 μονάδος
1432 1460 1512 1547 μέχρι

366 1568 513 1655 τετράδος
535 1569 662 1658 δυνάμει
687 1572 766 1638 δέκα
789 1572 862 1654 ἐστί,
891 1573 1031 1660 ἐνεργείᾳ
1059 1574 1094 1638 δέ
1116 1571 1191 1639 αὐτὸ
1213 1573 1303 1638 τοῦτο
1324 1565 1346 1658 ἡ
1370 1572 1481 1654 δεκάς,
1500 1570 1512 1634 ό

368 1682 403 1746 δέ
429 1681 461 1761 ζ’
491 1681 684 1771 ἀριθμητικὴ
718 1683 851 1772 μεσότης
877 1683 1024 1771 τετράδος
1051 1688 1105 1750 καί
1133 1669 1281 1769 δεκάδος,
1310 1682 1432 1769 τρόπον
1459 1684 1514 1749 τινί

368 1793 423 1859 δύο
452 1792 608 1879 δεκάδων,
638 1797 693 1882 τῆς
721 1799 776 1884 μέν
804 1795 946 1884 δυνάμει,
974 1803 1029 1882 τῆς
1057 1798 1092 1861 δέ
1120 1795 1274 1883 ἐνεργείᾳ,
1296 1789 1515 1872 ὑποδιπλάσιος

367 1904 410 1971 ῶν
431 1906 487 1991 τῆς
508 1905 621 1994 ἀμφοῖν
642 1909 826 1988 συνθέσεως.
870 1911 944 1976 Aet.
966 1911 1055 1975 Plac.
1070 1910 1084 1975 l
1099 1911 1151 1990 3‚8
1174 1909 1278 1994 (Diels
1293 1911 1377 1974 Dox.
1394 1931 1433 1992 p,
1449 1909 1513 1991 281)

368 2020 503 2084 καὶτῶν
525 2019 604 2085 δέκα
625 2019 726 2104 πάλιν,
749 2021 842 2108 φησίν
870 2021 1164 2106 (Pythagoras),
1190 2013 1212 2106 ἡ
1235 2018 1361 2106 δύναμίς
1383 2021 1514 2086 ἐστινέν

368 2138 430 2207 τοῖς
463 2130 607 2216 τέσσαρσι
639 2134 694 2196 καί
725 2139 764 2219 τη
796 2133 933 2219 τετράδι.
967 2132 1002 2198 τό
1035 2134 1070 2198 δέ
1098 2134 1206 2199 αἴτιον·
1241 2135 1271 2198 εί
1300 2155 1343 2211 τις
1370 2126 1439 2198 ἀπό
1472 2134 1516 2216 της

370 2240 502 2327 μονάδος
522 2245 544 2326 †
566 2241 730 2311 ἀναποδῶν
751 2243 835 2311 κατά
856 2243 1027 2331 πρόσθεσιν
1048 2245 1150 2331 τιθείη
1173 2245 1244 2323 τούς
1271 2243 1432 2333 ἀριθμούς
1455 2245 1516 2331 ἀχρι

369 2357 430 2419 τῶν
461 2353 621 2440 τεσσάρων
652 2355 836 2442 προελθιύν,
871 2356 1069 2444 ἐκπληρώσει
1094 2357 1146 2424 τὸν
1173 2356 1252 2422 δέκα
1281 2353 1431 2444 ἀριθμόν.
1457 2409 1464 2422 .
1486 2407 1516 2421 ..

372 2465 436 2531 οίον
469 2467 499 2530 εί
528 2489 571 2545 τις
603 2468 676 2554 θείη
711 2470 743 2534 ἐν
775 2471 830 2533 καὶ
862 2467 933 2549 δύο,
962 2468 1117 2555 προσθείη
1146 2471 1201 2534 καί
1227 2468 1297 2554 τρία
1323 2469 1379 2533 καί
1409 2467 1518 2544 τούτοις

370 2578 517 2664 τέσσαρα,
538 2579 591 2646 τόν
612 2587 671 2646 τῶν
694 2581 773 2647 δέκα
794 2580 953 2667 πληρώσει
975 2580 1118 2669 ἀριθμόν,
1142 2580 1221 2647 ῶστε
1244 2559 1423 2667 ὁάριθμὸς
1447 2577 1519 2646 κατά

372 2692 426 2776 μέν
449 2689 568 2777 μονάδα
591 2693 632 2778 (ί)
656 2693 687 2758 ἐν
708 2702 771 2770 τοῖς
794 2692 881 2776 δέκα,
905 2691 988 2759 κατά
1010 2694 1044 2758 δέ
1074 2691 1201 2781 δύναμιν
1229 2693 1343 2770 ἐντοῖς
1365 2692 1517 2779 τέσσαρα.

311 2830 398 2910 15,3ι
421 2832 538 2896 Theol.
562 2833 669 2898 Arith.
686 2854 718 2916 p.
735 2833 775 2898 63
800 2832 854 2919 (ex
875 2831 1046 2918 Anatolio)
1069 2825 1091 2917 ἡ
1115 2831 1210 2908 δεκάς
1231 2831 1374 2917 γεννάται
1396 2832 1518 2919 δυνάμει

373 2939 405 3020 ἐξ
433 2939 538 3027 ἀρτίου
564 2945 618 3008 καί
644 2942 979 3048 περισσού·,πεντάκις
1006 2943 1068 3029 γάρ
1103 2941 1157 3007 δύο
1191 2942 1287 3008 δέκα.
1309 2940 1440 3023 Ικύκλος
1468 2945 1518 3009 ἐστὶ

372 3051 485 3131 παντὸς
507 3052 644 3141 ἀριθμοῦ
666 3058 720 3120 καί
741 3056 852 3142 πέρας·
881 3057 952 3141 περὶ
974 3048 1066 3121 αὐτόν
1093 3053 1154 3140 γάρ
1182 3053 1350 3141 εἱλούμενοι
1372 3059 1434 3121 καὶ
1458 3051 1518 3122 ἀνα·

355 3164 566 3252 Ικάμπτοντες
593 3166 697 3253 ῶσπερ
730 3175 901 3256 καμπτῆρα
934 3166 1162 3253 δολιχεύουσιν,
1195 3165 1241 3232 δτι
1274 3165 1344 3252 ὅρος
1378 3167 1450 3234 ἐστὶ
1476 3175 1518 3252 τῆς

375 3277 515 3364 ἀπειρίας
541 3279 602 3344 τῶν
628 3273 784 3367 ἀριθμῶν,
813 3280 954 3346 καλεῖται
982 3280 1017 3344 δέ
1046 3275 1187 3365 κράτος
1213 3280 1268 3343 καὶ
1298 3279 1518 3360 παντέλεια,

377 3390 443 3455 ἐπεὶ
464 3389 565 3457 πάντα
586 3392 723 3476 περαίνει
743 3390 795 3458 τόν
817 3390 960 3479 ἀριθμόν,
988 3390 1179 3476 περιέχουσα
1205 3396 1309 3456 πᾶσαν
1331 3389 1425 3474 φύσιν
1449 3389 1519 3466 ἐντός

378 3501 499 3587 ἑαυτῆς,
529 3499 634 3588 ἀρτίου
662 3525 696 3568 τε
729 3506 784 3568 καί
810 3503 973 3589 περισσοῦ,
1006 3500 1186 3588 κινουμένου
1219 3523 1253 3566 τε
1280 3504 1335 3566 καὶ
1369 3495 1518 3590 ἀκινήτου,

378 3605 504 3699 ἀγαθοῦ
524 3635 558 3678 τε
580 3617 635 3678 καί
655 3622 773 3681 κακοῦ.
797 3616 841 3680 ἐτι
862 3614 988 3701 γέγονεν
1010 3615 1048 3679 ἐκ
1069 3615 1129 3681 τῶν
1149 3609 1279 3699 πρῶτων
1307 3608 1456 3702 ἀριθμῶν
1477 3618 1519 3700 τῆς

378 3724 562 3809 τετρακτύος
584 3726 741 3793 συνθέτων
755 3725 783 3792 α’
798 3725 824 3815 β’
836 3725 864 3812 γ’
877 3725 914 3792 δ’.
959 3728 1079 3794 Theon
1094 3727 1224 3810 Smyrn.
1239 3748 1271 3810 p.
1286 3729 1379 3808 106‚7
1396 3728 1519 3813 (Hiller]

377 3833 399 3920 ἡ
423 3836 524 3922 μέντοι
546 3837 641 3916 δεκάς
661 3838 762 3905 πάντα
784 3838 920 3924 περαίνει
940 3836 993 3904 τόν
1014 3833 1157 3925 ἀριθμόν,
1174 3837 1402 3924 ἐμπεριέχουσα
1427 3843 1519 3906 πᾶσαν

380 3946 468 4032 φύσιν
496 3949 579 4026 ἐντός
607 3947 717 4035 αὑτῆς,
747 3949 852 4036 ἀρτίου
880 3973 914 4015 τε
939 3952 996 4015 καί
1021 3951 1178 4036 περιττοῦ,
1207 3949 1386 4037 κινουμένου
1415 3974 1453 4018 τε
1479 3953 1520 4016 καί

381 4057 537 4146 ἀκινήτου,
561 4058 687 4146 ἀγαθοῦ
708 4084 742 4128 τε
764 4065 819 4127 καί
840 4068 958 4128 κακοῦ·
986 4063 1057 4148 περὶ
1083 4059 1122 4147 ἧς
1142 4063 1198 4126 καὶ
1220 4054 1404 4146 Ἀρχύτας
1435 4065 1469 4130 ἐν
1488 4063 1519 4147 τῷ

380 4174 451 4257 περί
481 4172 537 4257 τῆς
570 4171 702 4251 δεκάδος
733 4177 788 4239 καί
820 4173 1014 4251 Φιλόλαος
1046 4173 1079 4238 ἐν
1110 4173 1153 4259 τῷ
1185 4174 1256 4257 περὶ
1286 4171 1395 4258 φύσιος
1428 4175 1521 4241 πολλὰ

381 4284 531 4364 διεξίασιν.

320 4415 391 4496 15,5
415 4436 503 4498 sqq.:
525 4415 653 4482 Nicom.
686 4416 767 4482 Inst.
800 4415 908 4481 Arith.
936 4416 1017 4495 15‚1
1053 4414 1118 4498 (ed.
1151 4413 1281 4498 Hoehe)
1309 4462 1317 4479 .
1341 4462 1382 4478 ..
1418 4417 1476 4479 καί
1498 4411 1522 4475 αί

383 4528 528 4613 μουσικαί
555 4526 726 4614 συμφωνίαι
754 4528 805 4591 διά
832 4525 1005 4611 τεσσάρων,
1028 4523 1079 4590 διά
1100 4524 1206 4608 πέντε,
1234 4521 1285 4589 διά
1310 4529 1423 4590 πασῶν
1451 4524 1522 4589 κατὰ

384 4631 517 4724 ἀριθμόν
545 4638 618 4704 εἰσιν
646 4632 873 4726 ὠνομασμέναι·
903 4636 1015 4725 όμοίως
1040 4639 1096 4702 καί
1121 4634 1192 4715 τοὺς
1214 4629 1399 4724 ἀρμονικούς
1420 4637 1521 4724 λόγους
