3142 5238
1177 339 1265 404 XXV

127 530 286 609 Φιλόλαος
308 529 558 617 προσηγόρευσε·
583 528 674 616 μόνος
695 527 756 615 γάρ
779 525 850 594 οὕτε
871 535 980 614 γεννᾶν
1002 527 1073 592 οὔτε
1095 527 1265 612 γεννᾶσθαι

125 644 263 728 πέφυκε·
297 641 332 708 τό
366 645 401 707 δὲ
435 642 514 729 μήτε
546 648 660 727 γεννῶν
697 625 775 728 μήτε
807 638 997 727 γεννώμενον
1033 632 1194 725 ἀκίνητον,
1232 639 1264 704 ἐν

125 753 246 840 κινήσει
282 752 342 841 γάρ
380 752 401 838 η
438 754 592 840 γέννησις,
634 754 670 818 τό
707 755 762 840 μὲν
798 755 847 820 ίνα
882 752 1034 838 γεννηση,
1071 751 1106 817 τό
1144 754 1179 816 δέ
1215 753 1264 818 ίνα

125 867 277 952 γεννηθῇ,
301 859 342 943 ώς
364 868 419 929 καὶ
442 859 533 942 αότός
556 858 572 928 ό
596 863 699 950 ῥητωρ
723 859 739 930 ό
763 864 965 950 Ταραντῖνος,
995 867 1072 949 φησὶ
1095 865 1130 928 δὲ
1152 862 1264 942 οὕτως·

126 977 233 1060 ,ζΕστι
265 975 327 1062 γάρ
366 975 493 1063 ἡγεμών
528 978 583 1040 καί
622 976 729 1061 ἀρχων
763 970 907 1041 ἀπάντων
941 977 983 1052 είς
1016 974 1066 1039 ἀεὶ
1098 973 1141 1040 ών
1173 975 1264 1057 θεός,

126 1088 268 1174 μόνιμος,
297 1086 457 1172 ἀκίνητος,
486 1085 577 1164 αὐτὸς
606 1087 706 1173 ἑαυτῷ
734 1085 868 1171 όμοιοςίί.
899 1135 969 1153 ...
999 1080 1020 1172 η
1049 1087 1148 1152 τοίνυν
1176 1087 1264 1173 ἑβδο-
1282 1077 1465 1162 τιθέμεν-κο

127 1199 189 1286 μάς
230 1199 418 1285 συνέστηκεν
459 1199 491 1278 ἐξ
528 1197 594 1276 ἑνός
631 1201 685 1263 καὶ
724 1200 808 1264 δυοῖν
846 1201 901 1262 καὶ
938 1196 1106 1284 τεττάρων,
1145 1200 1264 1286 έχουσα

127 1309 184 1375 δόο
218 1310 331 1397 λόγους
364 1304 648 1397 άρμονικωτάτους,
681 1307 734 1375 τόν
760 1333 795 1376 τε
822 1309 1000 1394 τριπλάσιον
1030 1310 1064 1393 (l.
1093 1308 1265 1394 διπλάσιον)

125 1401 256 1487 καὶτὸν
283 1420 522 1507 τετραπλάσιον.
552 1423 619 1509 ἔχει
652 1423 688 1485 δὲ
715 1424 769 1485 καὶ
798 1421 959 1505 διαιρέσεις
986 1419 1126 1506 ζυγάδην
1153 1421 1266 1506 τρόπον

125 1533 195 1599 τινά
218 1532 426 1611 συνεστώσας·
456 1535 614 1619 διαιρεῖται
641 1531 703 1618 γάρ
730 1533 852 1618 πρώτον
876 1534 917 1610 εἰς
940 1532 1061 1617 μονάδα
1083 1535 1138 1596 καὶ
1160 1531 1266 1617 ἑξάδα,

126 1647 236 1710 ἔπειτα
265 1647 307 1724 είς
334 1643 472 1711 πεντάδα
500 1647 555 1709 καὶ
583 1643 698 1728 δυάδα,
726 1647 781 1709 καὶ
808 1646 983 1711 τελευταῖον
1012 1647 1053 1722 είς
1081 1645 1191 1730 τριάδα
1213 1649 1268 1710 καί

127 1757 278 1843 τετράδα·
314 1757 532 1844 μουσικωτάτη
567 1759 602 1821 δὲ
635 1749 656 1841 η
689 1756 804 1822 τούτων
836 1758 896 1822 τών
930 1756 1071 1843 ἀριθμῶν
1105 1756 1267 1843 ἀναλογία.

124 1868 333 1933 -διατείνει
366 1871 401 1933 δέ
434 1862 530 1953 αὐτῆς
557 1861 578 1953 η
609 1866 697 1952 φόσις
729 1870 784 1931 καί
818 1869 868 1931 ἐπὶ
894 1867 951 1952 τὴν
978 1866 1094 1954 δρατην
1123 1862 1267 1935 ἁπάντων
1285 1873 1448 1941 nim-12

125 1976 249 2063 οὐσίαν,
272 1978 402 2065 οόρανόν
425 1982 479 2043 καὶ
500 1985 575 2064 γῆν·
604 1977 717 2044 αὐτίκα
738 1985 813 2064 γοῦν
836 1977 966 2064 οὐρανόν
988 2002 1080 2063 φασιν
1103 1979 1182 2044 ἑπτά
1204 1982 1265 2044 διε-

128 2093 255 2170 ζῶσθαι
283 2089 425 2174 κύκλοις,
449 2089 491 2155 ών
514 2088 652 2176 όνόματα
673 2089 765 2154 τάδε·
789 2088 949 2174 ἀρκτικός,
973 2083 1189 2177 ἀνταρκτικός,
1212 2093 1268 2156 θε-

125 2201 216 2288 ρινός,
240 2201 423 2288 χειμερινός,
444 2193 639 2288 Ξημερινός,
662 2200 815 2280 ζωδιακὸς
837 2204 891 2265 καὶ
912 2201 1039 2286 προσέτι
1060 2203 1219 2288 γαλαξίας·
1237 2201 1268 2290 [ὁ

125 2313 189 2400 γάρ
212 2316 350 2390 τοιοῦτος
373 2311 507 2399 ἀριθμός
529 2311 616 2390 θεῖός
639 2311 744 2398 ἑστιν].
773 2349 814 2360 -
844 2311 919 2378 ὅθεν
941 2311 980 2378 τά
1007 2311 1092 2378 κατά
1113 2313 1169 2400 την
1192 2313 1269 2402 ημε-
1286 2319 1468 2387 piene-14

126 2426 220 2511 τέραν
248 2424 354 2510 ψυχην
383 2423 434 2489 διά
464 2426 497 2509 (l.
521 2424 608 2510 δίχα)
638 2425 693 2488 τοῦ
721 2422 910 2509 ἡγεμονικοῦ
932 2423 1029 2510 λόγου
1052 2425 1177 2513 ἑπταχῖγ
1201 2427 1268 2512 σχί-

126 2540 224 2621 ζεται,
252 2537 329 2622 πρός
356 2559 391 2601 τε
417 2535 509 2602 πέντε
537 2534 704 2620 αἰσθήσεις
726 2534 836 2599 καὶτὸ
858 2535 1033 2621 φωνητικὸν
1061 2537 1192 2623 ὄργανον
1215 2541 1269 2602 καὶ

127 2652 179 2714 ἐπὶ
194 2651 270 2714 πάσι
285 2647 320 2713 τό
335 2646 469 2734 γόνιμον.
495 2685 535 2694 -
557 2649 612 2712 καί
633 2645 667 2711 τό
683 2653 745 2712 πᾶν
768 2649 803 2710 δέ
825 2648 915 2712 τοῦτο
939 2649 970 2712 έν
993 2647 1072 2713 ἑπτά
1087 2650 1267 2734 θεωρεῖται·
1286 2656 1448 2724 ρ.45,9-11

129 2762 161 2827 έν
177 2760 307 2846 σώματι,
332 2761 363 2824 ἐν
386 2756 553 2842 διαστάσει,
579 2759 610 2824 ἐν
625 2758 774 2845 σχήματι,
799 2761 830 2824 ἐν
853 2759 991 2846 μεγέθει,
1015 2761 1047 2826 έν
1069 2760 1221 2848 χρώματι,
1238 2763 1270 2828 έν

128 2871 259 2957 κινήσει,
284 2872 315 2937 ἐν
338 2868 455 2953 στάσει,
477 2857 533 2934 Ικαὶ
556 2867 643 2954 παρά
658 2871 756 2934 ταῦτα
771 2863 861 2936 οόδέν
883 2873 988 2955 ἕτερον
1011 2873 1193 2959 συμβέβηκε
1208 2883 1270 2950 τοῖς

130 2978 305 3069 ίρωμένοις.
329 3018 371 3029 -
394 3031 451 3046 ...
475 2978 554 3044 ἑπτά
570 2981 605 3044 δὲ
626 2984 682 3045 καί
701 2983 810 3066 φωνών
826 2982 1006 3068 μεταβολαί,
1030 2981 1123 3066 ὀξεῖα,
1148 2985 1268 3071 βαρεῖα,
1288 2990 1470 3057 nibil—14

130 3093 363 3180 περισπωμένη,
379 3090 584 3178 οόμφθογγος
601 3092 634 3176 (l.
651 3090 747 3169 δασός
761 3086 927 3179 φθόγγος),
950 3093 1025 3178 ψιλη
1042 3117 1076 3159 τε
1092 3098 1146 3159 καί
1162 3095 1270 3182 μακρά

129 3211 185 3272 καὶ
209 3207 353 3293 βραχεῖα.
377 3243 417 3255 -
441 3207 532 3270 ἔνθεν
554 3207 609 3268 καί
630 3202 669 3269 τά
692 3202 856 3289 ἑπτάμηνα
884 3204 983 3290 βρέφη
1007 3205 1270 3292 τελειογονεῖσθαι
1288 3215 1433 3282 pins-6

129 3319 279 3404 πέφυκεν,
303 3311 344 3394 ώς
355 3316 569 3402 Ἱπποκράτης
590 3317 690 3402 λέγει·
714 3309 814 3402 ἠγάρ
837 3324 891 3382 τοῦ
915 3315 1051 3404 ἀριθμοῦ
1074 3318 1269 3405 ψυχογονικη

133 3430 260 3516 δύναμις
281 3427 321 3494 τά
344 3427 507 3514 ἑπτάμηνα
530 3429 633 3494 τέλεια
656 3426 821 3515 ἀποφαίνει
844 3479 851 3494 .
876 3479 883 3494 .
908 3480 915 3494 .
938 3468 981 3477 -
1003 3433 1058 3494 καί
1079 3429 1214 3515 κινησεις
1237 3433 1272 3496 δέ
1289 3436 1468 3506 piene-16

131 3543 163 3607 αί
185 3543 284 3606 πάσαι
313 3539 402 3627 μόναι
430 3541 503 3606 εἰσὶν
532 3540 620 3620 ἑπτά,
648 3539 671 3624 η’
693 3562 727 3604 τε
750 3539 823 3623 άνω,
846 3539 869 3624 ἥ
891 3563 925 3605 τε
948 3540 1045 3624 κάτω,
1068 3540 1089 3626 ἡ
1114 3544 1164 3607 ἐπὶ
1186 3543 1272 3623 δεξιά

130 3653 152 3737 τ’]
176 3650 330 3739 εὐώνυμα,
353 3646 374 3736 ἡ
397 3651 515 3735 πρόσω,
538 3646 559 3736 η
583 3649 723 3734 κατόπιν,
746 3649 767 3735 η
792 3652 824 3716 ἐν
846 3650 963 3737 κύκλῳ.
988 3690 1028 3699 -
1050 3655 1213 3739 στοιχείων
1236 3657 1271 3719 δέ
1289 3659 1489 3729 p.46‚16-47‚1

131 3763 170 3828 τά
193 3763 356 3848 φωνήεντα
378 3761 473 3846 ἑπτά,
503 3762 610 3846 ἐπειδὴ
634 3765 689 3827 καί
711 3762 743 3841 ἐξ
765 3763 882 3828 ἑαυτῶν
910 3765 994 3828 ἔοικε
1022 3767 1195 3848 φωνεῖοθαι
1216 3769 1271 3832 καὶ

133 3886 196 3952 τοῖς
219 3875 325 3952 ἀλλοις
347 3872 573 3960 συνταττόμενα
595 3873 700 3958 φωνάς
722 3872 894 3959 ἐνάρθρους
922 3873 1098 3942 ἀποτελεῖν·
1127 3879 1187 3942 τών
1209 3877 1270 3963 γάρ

133 3981 299 4073 ἡμιφώνων
333 3985 512 4071 ἀναπληροῖ
536 3985 570 4050 τό
600 3985 717 4068 ἐνδέον,
752 3983 946 4070 ὃλοκληρους
979 3989 1014 4051 δέ
1040 3988 1271 4066 κατασκευάζει

133 4097 203 4176 τοὺς
225 4096 403 4184 φθόγγους,
431 4099 491 4162 τών
514 4099 549 4161 δέ
576 4096 706 4181 ἀφώνων
727 4097 832 4182 τρέπει
859 4102 970 4163 τεκαὶ
1000 4099 1189 4187 μεταβάλλει
1216 4099 1271 4176 τάς

134 4209 248 4296 φύσεις,
271 4211 321 4273 ίνα
343 4208 471 4294 γένηται
491 4206 531 4273 τά
554 4207 676 4294 ἄρρητα
699 4208 789 4295 ῥητά.

136 4434 188 4497 7.-
208 4434 299 4498 Haec
327 4434 493 4497 haetenus
522 4432 563 4496 de
592 4432 687 4496 libris
715 4451 818 4496 manu
847 4431 981 4515 seriptis
1010 4436 1043 4497 et
1070 4431 1111 4496 de
1134 4432 1271 4517 reliquis

61 4542 135 4606 artis
169 4545 303 4609 criticae
338 4542 515 4621 subsidiiS‚
548 4543 647 4607 venio
682 4563 770 4607 nune
805 4545 848 4608 ad
882 4545 1108 4610 editiones,
1142 4546 1271 4628 primus

60 4651 203 4719 Philonis
220 4675 323 4738 opera
338 4655 424 4738 typis
441 4655 637 4719 excudenda
654 4655 780 4719 curavit
802 4655 1010 4720 Adrianus
1034 4657 1252 4724 Turnebus
1264 4706 1280 4736 ‚.
