3092 5236
892 281 934 348 38

307 493 413 582 ἐπειδή
446 494 543 583 ταότη
576 496 806 582 τελεσφορεῖται
837 491 878 558 τά
910 489 1081 576 σύμπαντα.
1135 487 1389 576 τεκμηριῶσαιτο
1424 481 1451 551 δ’
1479 488 1501 550 ἄν

306 629 349 686 τις
376 608 415 673 ἐκ
435 609 490 674 τοῦ
516 609 578 675 πάν
603 614 695 694 σῶμα
725 603 888 693 ὀργανικὸν
920 605 998 689 τρισὶ
1030 605 1085 690 μέν
1115 602 1300 689 κεχρῆσθαι
1331 599 1502 669 διαστάσεο..

307 718 410 807 μήκει,
432 719 543 786 πλάτει
563 723 618 786 καὶ
651 719 754 807 βάθει,
786 718 927 804 τέτταρσι
949 717 984 780 δέ
1006 715 1127 801 πέρασι,
1160 715 1279 801 σημείῳ
1308 717 1370 779 καὶ
1397 713 1503 800 γραμμή

306 835 361 898 καί
382 831 544 919 ἐπιφανείᾳ
565 834 620 898 καὶ
644 831 774 917 στερεῷ,
803 824 845 895 δι’
862 829 903 897 ῶν
925 829 1134 896 συντεθέντων
1156 827 1355 894 ἀποτελεῖται
1379 825 1504 914 έβδομάς.

271 944 470 1032 ῡάμήχανον
503 942 531 1009 δ’
562 942 601 1030 ήν
633 942 672 1008 τὰ
704 942 835 1032 σῶματα
868 941 1017 1030 έβδομάδι
1055 941 1236 1028 μετρεῖσθαι
1272 938 1360 1004 κατά
1396 937 1451 1023 τήν
1482 924 1528 1001 εκί

307 1056 497 1124 διαστάσεων
511 1056 601 1142 τριῶν
615 1059 669 1121 καὶ
683 1055 824 1142 περάτων
839 1054 992 1143 τεττάρων
1007 1051 1161 1138 σύνθεσιν,
1183 1053 1211 1118 εἰ
1231 1051 1275 1139 μή
1286 1051 1455 1138 συνέβαινε
1472 1049 1506 1125 τίς

306 1175 366 1236 τῶν
387 1167 517 1255 πρῶτων
539 1166 681 1255 ἀριθμῶν
704 1168 786 1246 ἰδέας
808 1166 874 1246 ἑνός
895 1170 950 1233 καί
971 1169 1056 1234 δυοῖν
1080 1169 1135 1232 καί
1161 1172 1251 1251 τριῶν
1277 1168 1333 1230 καί
1362 1164 1505 1249 τεττάρων,

308 1281 352 1358 οῖς
374 1280 573 1368 θεμελιοῡται
594 1279 700 1361 δεκάς,
723 1279 896 1367 ἑβδομάδος
917 1278 1005 1366 φύσιν
1027 1277 1190 1364 περιέχειν·
1221 1278 1251 1343 οῖ
1271 1278 1333 1364 γάρ
1355 1275 1507 1363 λεχθέντες

309 1391 437 1478 ἀριθμοί
458 1390 612 1476 τέσσαρας
634 1393 689 1480 μέν
710 1395 834 1479 ἔχουσιν
856 1391 956 1478 ὀρους,
979 1390 1031 1458 τόν
1052 1397 1183 1476 πρῶτον,
1211 1388 1263 1457 τόν
1290 1388 1450 1475 δεύτερον,
1474 1385 1506 1451 τὸν

173 1525 198 1578 p.
211 1505 290 1561 1511.
309 1503 417 1589 τρίτον,
444 1502 496 1571 τόν
523 1504 676 1589 τέταρτον,
705 1501 879 1581 διαστάσεις
904 1505 940 1568 δέ
960 1513 1056 1590 τρεῖς·
1084 1501 1191 1589 πρώτη
1217 1504 1271 1588 μέν
1293 1500 1454 1578 διάστασις
1473 1491 1505 1584 ίή

253 1635 286 1681 11
309 1613 371 1681 ἀπό
393 1617 447 1680 τοῦ
470 1615 536 1694 ἑνός
559 1617 608 1681 ἐπί
628 1617 669 1682 τά
697 1615 768 1697 δύο,
796 1616 926 1701 δευτέρα
949 1609 1017 1700 δ’ή
1041 1613 1102 1680 ἀπό
1124 1621 1185 1680 τῶν
1207 1615 1291 1680 δυοῖν
1312 1615 1365 1679 ἐπὶ
1388 1614 1430 1678 τά
1449 1611 1506 1696 τρία

308 1728 394 1814 τρίτη
418 1722 487 1812 δή
510 1725 572 1792 ἀπό
594 1729 654 1794 τῶν
674 1729 763 1813 τριῶν
786 1729 836 1794 ἐπὶ
857 1729 896 1793 τὰ
916 1728 1062 1814 τέσσαρα.

396 1865 453 1933 35.
496 1865 578 1952 Δίχα
600 1867 635 1932 δέ
656 1874 716 1934 τῶν
738 1868 905 1955 εἰρημένων
928 1865 1137 1953 ἐναργέστατα
1158 1873 1325 1950 παριστᾶσι
1343 1863 1405 1950 τήν
1426 1862 1504 1928 τελεσ·

310 1980 406 2066 φόρον
439 1978 564 2066 δύναμιν
598 1978 771 2067 ἑβδομάδος
803 1982 857 2045 καί
885 1980 918 2044 αί
944 1977 982 2043 έκ
1011 1978 1142 2066 βρέφους
1169 1973 1243 2063 ἄχρι
1271 1975 1380 2063 γήρως
1409 1969 1505 2056 άνθρῶ

254 2099 376 2158 1ιἰπων
403 2083 521 2177 ήλικίαι
549 2091 751 2178 μετρούμεναι
778 2090 889 2179 ταύτῃ·
922 2089 1006 2156 κατά
1033 2091 1088 2177 μέν
1116 2088 1168 2156 οὖν
1194 2087 1251 2174 τήν
1279 2086 1409 2174 πρῶτην
1436 2087 1503 2150 έπτα-

311 2205 393 2270 ετίαν
416 2205 541 2288 ἔκφυσις
564 2196 694 2270 ὀδόντων
717 2205 794 2270 ἐστί·
818 2203 901 2269 κατὰ
923 2205 959 2269 δέ
979 2203 1036 2289 τήν
1059 2201 1204 2287 δευτέραν
1229 2199 1338 2286 καιρός
1360 2201 1418 2266 τοῦ
1439 2196 1505 2262 δόνα·

311 2316 388 2382 σθαι
421 2315 588 2402 προίεσθαι
622 2316 745 2402 σπέρμα
779 2314 918 2404 γόνιμον·
958 2316 1044 2402 τρίτη
1080 2315 1116 2378 δέ
1152 2313 1278 2399 γενείων
1312 2312 1440 2399 αὔξησις
1469 2309 1506 2372 καὶ

310 2425 442 2513 τετάρτῃ
470 2425 548 2512 πρός
575 2428 662 2513 ίσχύν
690 2426 837 2506 ἐπίδοσις·
865 2428 991 2515 πέμπτη
1020 2425 1050 2492 δ’
1081 2423 1121 2490 αὖ
1147 2423 1256 2511 γάμων
1279 2423 1361 2511 ῶρα·
1392 2427 1464 2508 έκιη
1480 2421 1528 2483 δὲ

312 2537 462 2616 συνέσεως
492 2537 598 2625 ἀκμή
623 2545 662 2625 σή
696 2539 726 2604 δ’
757 2540 875 2628 ἑβδόμη
911 2539 1067 2628 βελτίωσις
1100 2536 1214 2625 ἀμφοῖν
1246 2539 1302 2603 καί
1334 2535 1504 2619 συναόξησιῖ,

255 2655 291 2700 20
312 2651 368 2717 νοῶ
398 2653 453 2716 καί
484 2649 595 2736 λόγου·
619 2648 716 2738 ὀγδόη
750 2650 780 2716 δ’
810 2645 831 2736 ή
866 2653 897 2716 ἐν
926 2651 1065 2736 ἑκατέρῳ
1097 2649 1268 2727 τελείωσις·
1296 2647 1383 2713 κατὰ
1411 2649 1444 2712 δέ
1465 2642 1528 2727 τήν

312 2761 423 2848 ἐνάτην
452 2763 602 2828 ἐπιείκεια
629 2766 684 2828 καί
711 2761 850 2850 πρᾳότης
877 2770 937 2829 τῶν
959 2761 1072 2828 παθῶν
1095 2763 1145 2826 ἐπί
1165 2761 1261 2828 πλέον
1281 2754 1504 2848 ήμερωθέντων·

312 2875 394 2941 κατά
422 2877 457 2940 δέ
483 2873 540 2961 τήν
568 2873 704 2962 δεκάτην
732 2875 786 2940 τοῦ
816 2875 883 2963 βίου
911 2873 946 2941 τό
969 2871 1112 2942 εὐκταῖον
1133 2873 1232 2959 τέλος,
1261 2875 1305 2938 έτι
1327 2874 1389 2940 τῶν
1411 2871 1504 2958 ὀργανι-

311 2994 376 3054 κῶν
413 2987 514 3074 μελῶν
550 2984 797 3073 συνεστηκότων·
833 2987 917 3072 φιλεῖ
945 2984 1007 3073 γάρ
1040 2986 1075 3052 τό
1110 2983 1230 3072 μακρὸν
1262 2992 1364 3071 γήρας
1398 2988 1528 3051 ἕκαστον

312 3093 524 3177 ὑποσκελίζειν
556 3101 611 3162 καί
642 3097 880 3184 παραιρεῖσθαι.
913 3097 969 3176 τάς
996 3095 1120 3183 ήλικίας
1148 3095 1261 3175 ταύτας
1289 3095 1447 3184 ἀνέγραψε
1467 3092 1505 3157 καὶ

257 3215 292 3262 ²5
313 3210 421 3277 Σόλων
443 3207 460 3274 ό
482 3211 542 3276 τῶν
560 3208 733 3297 Ἀθηναίων
754 3209 929 3296 νομοθέτης
951 3210 1074 3296 ἐλεγεῖα
1096 3207 1228 3296 ποιήσας
1248 3207 1341 3274 τάδε·

399 3400 416 3452 3
434 3398 552 3452 πλάτει
569 3403 627 3452 καί
646 3398 742 3466 βάθει
753 3398 798 3453 F:
813 3400 891 3466 βάθει
902 3404 950 3453 καί
961 3398 1056 3453 πλάτει
1066 3398 1145 3456 σείοντ’
1197 3398 1327 3469 τέτταρσι]
1341 3403 1446 3468 τέτρασι
1454 3390 1503 3449 ουόό-

347 3487 429 3538 4καί
446 3489 584 3553 ἐπιφανείᾳ
602 3491 665 3540 ante
683 3492 731 3540 και
747 3487 855 3554 γραμμή
874 3487 902 3540 Β
971 3491 1095 3554 έπιφανίορ
1111 3485 1142 3540 D
1213 3481 1247 3538 δι’
1268 3503 1323 3540 om.
1343 3485 1381 3540 Μ
1449 3477 1504 3546 δήν]

314 3573 347 3625 ἀν
373 3571 406 3639 ήν
432 3573 544 3629 Pseiffer
570 3577 598 3626 εί
623 3575 736 3627 Richter
830 3577 846 3628 6
870 3575 990 3642 περάτων
1016 3575 1147 3642 τεττάρων
1172 3573 1227 3645 (vel
1250 3573 1396 3643 τεσσάρων)
1423 3567 1502 3628 Mssa:

313 3659 445 3725 τεττάρων
468 3664 564 3715 om.I>
651 3662 873 3732 8θεμελιοῶται]
900 3664 1046 3716 τελειοῦται
1068 3660 1106 3715 Μ
1191 3663 1224 3715 10
1246 3660 1338 3729 πρώτη
1364 3665 1412 3728 μὲν
1433 3649 1505 3712 οόνίέ

349 3739 886 3817 ήάπὸτσῦένόςΜιήοωι.ιοίοκι”
960 3751 990 3803 11
1011 3737 1505 3817 δευτέραδέήΜέλεδέστιιωιίόί1

351 3834 457 3886 δυεῖνδ
481 3831 548 3899 (non
566 3829 604 3900 θ’)
692 3835 724 3887 11
747 3839 819 3903 τρίτη
844 3839 879 3888 δέ
897 3834 950 3890 M:
974 3839 1004 3889 δέ
1022 3853 1075 3890 om.
1093 3835 1171 3892 ceteri
1257 3833 1349 3904 ήοω.
1368 3841 1389 3892 b
1409 3823 1503 3904 (nonF)

352 3918 384 3972 13
403 3920 433 3970 δέ
451 3915 546 3972 om.I
616 3923 753 3989 παρίστησι
770 3921 808 3976 Μ
875 3923 908 3976 14
931 3927 958 3976 αἱ
976 3922 1070 3979 om.I
1135 3919 1283 3991 ἀνθρώπων
1300 3915 1404 3992 ήλικίαι
1421 3917 1504 3976 Μόαῐ

317 4000 463 4072 ἀνθρώπων
475 4009 561 4062 om.I)
633 4006 664 4059 15
677 4007 722 4060 οὖν
734 4025 824 4066 σιωα
895 4011 927 4064 18
939 4008 1135 4080 τετάρτηήΜ
1201 4005 1226 4064 δ’
1243 4009 1333 4064 αῶΜ
1342 4030 1348 4064 :
1367 4028 1397 4064 τε
1410 3997 1503 4064 affected

351 4091 442 4159 γάμων
460 4090 519 4158 ῶρα
536 4089 553 4160 ή
574 4086 615 4144 ἐπ’
631 4090 715 4159 ἀκρον
728 4094 836 4162 δόναμις
849 4096 887 4151 Μ
955 4098 987 4152 19
999 4101 1032 4166 ιή
1046 4098 1144 4166 ἑβδόμη
1158 4096 1196 4151 Μ
1262 4091 1418 4166 συναόξηοις
1435 4103 1504 4149 οων

352 4175 420 4244 θθή
440 4176 534 4232 om.I
582 4178 806 4246 ένέκατέρορΒΙ)
859 4184 890 4237 θί
905 4182 1148 4252 έννάτηνΜΑόἿ),
1168 4171 1366 4250 έννέαὺ,θΕ
1415 4169 1504 4238 πλέυίέ

353 4263 387 4316 14
398 4264 595 4334 παραιρεῖσθαι]
608 4269 781 4332 παρερεῖσθαι
796 4267 835 4336 D,
847 4273 1037 4338 παρερρεῖσθαι
1052 4269 1082 4324 Β
1087 4293 1094 4339 ;
1112 4274 1256 4340 παρίεσθαι
1267 4272 1329 4344 (sic)
1346 4271 1396 4337 τάς
1412 4269 1502 4340 ήλικίαῖ·

319 4352 403 4404 ταῦτα
420 4345 556 4417 ἀνέγραψε
573 4349 611 4406 Μ
676 4352 710 4405 15
728 4350 742 4404 ὁ
762 4357 909 4425 νομοθέτης
926 4359 976 4411 τῶν
992 4354 1136 4428 Ἀθηναίων
1153 4357 1184 4414 D

318 4513 370 4582 χρή
394 4509 512 4583 τάληθές
534 4521 621 4588 εἰπεῖν,
644 4516 750 4582 ἑξάδος·
776 4517 793 4576 ἃ
816 4518 868 4591 γάρ
892 4525 1028 4594 ἐγέννησεν
1048 4523 1118 4593 έξάς,
1137 4519 1216 4582 ταῦθ’
1237 4525 1353 4594 έβδομοὶς
1371 4527 1499 4589 τελεσφορί·
1526 4519 1527 4536 ³

319 4603 400 4654 θέντα
418 4604 577 4664 ἐπεδείξατο.
