3142 5238
252 367 387 450 v1'

341 576 434 653 12:18
458 568 610 659 ὁκαρπὸς
625 575 735 651 ἐοικώς
751 567 879 662 ἀμερέσι
901 574 1060 661 ψηγμασιν
1082 573 1142 640 ύπό
1167 573 1363 663 βραχύτητος
1385 576 1468 663 μόλις

253 677 408 768 ὁρατοῖς
431 683 468 748 V:
493 683 602 769 ὁρατός
623 689 762 752 tradunt
778 689 879 752 ceteri
896 688 1040 753 codices
1065 680 1188 771 ὁρατοῖς
1209 690 1348 772 Mangey
1370 689 1469 753 tacite

252 797 320 860 iarn
344 798 498 861 correxit.

338 909 431 990 1230
453 929 525 991 sqq.
550 909 584 973 iu
607 910 728 974 ceteris
753 910 924 974 codicibus
948 912 1031 974 haec
1054 910 1178 974 tradita
1201 914 1295 974 sunt:
1325 908 1468 994 (καρπός)

251 1014 316 1081 κάκ
338 1019 393 1102 τῆς
416 1018 582 1103 εὐκρασίας
596 1021 655 1083 τῶν
671 1019 861 1105 πνευμάτων,
884 1019 905 1084 οἳ
928 1021 1062 1105 ψυχραῖς
1085 1019 1151 1105 ἅμα
1165 1022 1219 1084 καὶ
1236 1020 1470 1105 μαλακωτέραις

252 1129 360 1213 αὔραις
387 1130 571 1214 ζωπυρεῖται
598 1132 653 1193 καὶ
681 1131 850 1216 τιθηνεῖται
879 1134 933 1195 καὶ
961 1129 1142 1210 συναύξεται
1170 1131 1246 1215 πρὸς
1280 1131 1376 1216 ὄγκον
1408 1131 1469 1194 έπι-

251 1237 353 1316 διδούς
375 1241 439 1322 (vel
456 1241 591 1326 ἐπιδούς)
614 1240 814 1308 τελειότατον.
839 1243 1009 1325 quaeritur
1024 1247 1137 1308 utrum
1160 1245 1263 1308 verba
1286 1243 1470 1326 ζωπυρεῖται

252 1352 307 1413 καί
327 1350 498 1435 τιθηνεῖται
519 1354 575 1415 καί
596 1351 776 1430 συναύξεται
799 1374 874 1418 oum
897 1355 1036 1420 relativo
1060 1351 1081 1417 οἳ
1104 1353 1339 1435 coniungenda
1360 1371 1405 1418 an
1427 1354 1470 1418 ad

252 1462 461 1527 enuntiatum
493 1464 689 1544 primarium
723 1465 900 1530 reserenda
934 1466 1016 1542 sint:
1051 1464 1080 1529 si
1110 1485 1186 1530 cum
1215 1465 1354 1544 relativo
1390 1484 1469 1528 oon·
1496 1495 1500 1505 ·

252 1576 439 1651 struuntur,
473 1575 682 1639 enuntiatum
714 1576 911 1658 primarium
943 1577 1046 1640 verbo
1074 1575 1168 1640 finito
1202 1579 1308 1653 caret,
1338 1575 1367 1639 si
1396 1594 1470 1638 cum

252 1684 424 1748 enuntiato
452 1685 630 1766 primario,
659 1687 799 1751 verbum
822 1686 1031 1751 desideratur
1053 1690 1132 1768 post
1154 1687 1339 1751 relativum,
1367 1685 1469 1749 verba

251 1795 372 1857 tradita
408 1795 563 1860 homines
602 1796 692 1861 docti
727 1798 820 1861 vario
858 1797 959 1862 modo
998 1797 1177 1862 emendare
1213 1797 1266 1860 vel
1304 1796 1469 1880 explicare

251 1906 376 1969 frustra
399 1907 511 1970 conati
535 1911 622 1971 sunt.
669 1909 847 1972 Turnebus
875 1929 937 1990 pro
962 1905 982 1970 οἳ
1005 1908 1139 1992 ψυχραῖς
1165 1908 1339 1991 temptavit
1368 1903 1468 1990 ἀψύχ-

252 2037 323 2099 ροις,
348 2016 437 2099 quod
460 2018 752 2100 languidissimum
781 2039 855 2083 esse
879 2021 1027 2099 apparet.
1074 2019 1361 2100 Christophorson
1382 2017 1469 2081 inter

252 2125 358 2211 αὔραις
381 2133 413 2192 et
436 2127 620 2212 ζωπυρεῖται
634 2132 737 2194 verba
750 2137 827 2210 πνεῖ,
844 2127 927 2191 κατοὶ
951 2126 1059 2212 μικρόν
1082 2129 1262 2193 inserenda
1282 2129 1468 2217 proposuit,

251 2258 351 2320 quam
374 2239 601 2304 coniecturam
624 2240 883 2304 audacissimam
907 2242 940 2303 et
961 2241 1144 2320 pessimam
1166 2241 1306 2322 Mangey
1328 2239 1467 2320 recepit:

251 2368 312 2411 nec
341 2353 507 2413 structura
535 2349 716 2435 πνευμάτων
745 2347 766 2412 οἳ
793 2359 865 2414 πνεῖ
888 2369 950 2414 nec
978 2351 1081 2413 verba
1109 2347 1191 2412 κατὰ
1225 2345 1349 2434 μικρόν,
1384 2370 1467 2433 quae

249 2459 339 2523 idem
362 2460 550 2542 significant
572 2463 662 2543 quod
685 2461 722 2524 ἐκ
744 2462 798 2524 τοῦ
820 2459 893 2525 κατ’
918 2459 1038 2546 ὀλίγον,Ι
1053 2461 1132 2525 ferri
1153 2465 1307 2543 possunt.
1331 2461 1468 2526 Mueller

248 2572 388 2634 verbum
410 2571 594 2655 ζωπυρεῖται
623 2574 797 2638 coniunxit
829 2593 904 2637 cum
927 2571 1077 2651 relativo,
1099 2574 1202 2636 verba
1224 2573 1279 2635 καί
1299 2572 1468 2656 τιθηνεῖται

249 2683 304 2743 καὶ
330 2680 510 2760 συναύξεται
539 2685 582 2747 ad
611 2685 820 2749 enuntiatum
847 2684 1044 2767 primarium
1073 2683 1217 2760 rettulit;
1248 2682 1308 2747 sed
1329 2685 1468 2748 verbum

248 2791 420 2876 τιθηνεῖται
446 2798 584 2876 propter
612 2796 694 2860 illud
721 2795 776 2858 καί
804 2816 824 2860 a
850 2795 952 2859 verbo
982 2794 1167 2879 ζωπυρεῖται
1189 2794 1320 2858 secerni
1343 2793 1467 2876 nequit.

249 2904 416 2968 medelam
442 2905 517 2969 loco
549 2911 705 2988 corrupto
735 2901 927 2989 suppeditat
956 2906 1062 2970 codex
1085 2904 1118 2985 V,
1147 2906 1181 2969 in
1212 2926 1276 2987 quo
1304 2905 1468 2987 particule

248 3014 304 3077 καί
331 3020 409 3081 ante
438 3015 616 3095 συναύξεται
644 3019 754 3083 deest:
782 3019 921 3081 verbum
950 3013 1130 3093 συναύξεται
1157 3017 1258 3097 igitur
1291 3016 1334 3080 ed
1363 3035 1467 3080 enun-

247 3127 367 3191 tiatum
395 3128 590 3208 primarium
620 3129 833 3193 referendum
862 3133 928 3207 est,
957 3130 1060 3193 verba
1087 3127 1270 3212 ζωπυρεῖται
1299 3129 1353 3190 καὶ
1379 3127 1467 3212 τιθη-

248 3245 342 3300 νεῖται
364 3237 407 3300 ad
430 3238 604 3303 relativum
626 3241 806 3321 pertinent.

337 3349 427 3426 13,ss
444 3349 694 3434 περιέχοντες
714 3349 750 3414 V:
767 3348 969 3434 περιέχουσαι
984 3349 1083 3414 lectio
1098 3350 1240 3432 vulgata.
1256 3348 1467 3430 participium

250 3478 319 3523 non
342 3461 385 3523 ad
406 3479 523 3524 vocem
538 3461 745 3545 supercrescat,
770 3462 830 3526 sed
846 3462 889 3526 ad
904 3460 1020 3546 καρποί
1035 3461 1249 3525 referendum
1270 3481 1344 3526 esse
1368 3479 1466 3524 nemo

249 3591 318 3635 non
341 3571 440 3636 videt,

336 3685 427 3761 15‚17
456 3680 496 3746 τὸ
523 3681 738 3769 λεγόμενον
766 3685 804 3749 έν
832 3681 1047 3768 γεωμετρίᾳ
1075 3690 1236 3767 σημεῖον
1258 3680 1298 3745 V:
1320 3679 1355 3744 τὸ
1377 3677 1466 3764 λεγό-

250 3815 340 3878 μενον
362 3793 393 3857 ἐν
414 3795 589 3879 γεωμετρίᾳ
612 3795 835 3878 εἶναισημεῖον
857 3794 999 3874 vulgata.

334 3905 424 3982 24,st
450 3902 549 3968 κατοὶ
571 3905 659 3981 τούς
681 3910 873 3990 μουσικῆς
894 3903 1049 3979 τελείας
1071 3901 1210 3988 νόμους
1233 3900 1272 3967 V:
1296 3902 1467 3984 legebatur

250 4015 331 4079 κατοὶ
354 4013 424 4091 τούς
445 4021 500 4099 τῆς
523 4022 673 4101 μουσικῆς
695 4015 830 4092 τελείους
844 4015 964 4102 νόμους.
989 4015 1122 4103 μουσικη
1145 4015 1249 4078 τελεία
1272 4019 1323 4079 est
1344 4016 1466 4098 Pytha·

249 4146 427 4207 goreorum
451 4130 633 4190 concentus
658 4127 861 4191 caelestium.
1172 4192 1174 4196 .

335 4239 405 4316 26st
436 4236 551 4313 κακίας
584 4238 618 4299 δέ
651 4239 706 4299 καί
733 4231 845 4322 ἀρετῆς
874 4234 915 4314 ώς
947 4235 984 4302 ἂν
1012 4237 1098 4312 οἶκος
1125 4235 1194 4312 νοῦς
1222 4236 1276 4298 καί
1303 4232 1412 4319 λόγος,
1443 4221 1466 4318 ᾧ

248 4347 465 4432 πεφύκασιν
488 4347 764 4413 ἐνδιαιτᾶσθαι
786 4348 825 4414 V:
849 4349 893 4426 οἶς
910 4348 973 4432 (vel
990 4347 1034 4424 οίς
1049 4346 1151 4432 αὗται)
1172 4344 1346 4430 πεφύκασιν
1361 4345 1467 4410 ἐνδιαι-

249 4460 365 4523 τᾶσθαι
389 4460 491 4524 ceteri
521 4461 665 4524 codices.
695 4461 869 4526 relativum
893 4481 912 4524 e
934 4480 1016 4524 voce
1043 4459 1127 4535 οἶκος
1148 4458 1296 4540 pendere
1319 4460 1466 4538 apparet.

334 4573 408 4650 27st
438 4571 477 4635 τοὶ
505 4571 805 4656 προσεχέστατα
833 4577 893 4636 τῶν
915 4571 1004 4636 εἰδῶν
1027 4570 1065 4636 V:
1093 4568 1132 4634 τοὶ
1155 4571 1276 4654 ἔσχατα
1296 4573 1357 4632 τῶν
1380 4568 1466 4631 εἰδῶν

250 4681 390 4765 vulgata.
413 4683 652 4767 προσεχέστατα
675 4684 740 4749 iarn
757 4685 947 4749 coniecerat
961 4685 1108 4765 Mangey.
1133 4683 1173 4746 cs.
1198 4682 1238 4745 de
1261 4681 1361 4761 agric.
1378 4680 1391 4742 Ι
1406 4680 1463 4744 321
