3142 5238
518 369 720 473 *Q-

10 602 62 644 ναι
92 575 202 667 λέγων
225 578 279 646 καὶ
300 575 421 667 πηγὴν·
456 577 473 645 δ
495 575 557 668 γάρ
580 579 758 670 ἐντελεχείᾳ
780 579 892 668 δεκάς,
920 582 1010 649 τοῦτο
1032 579 1156 669 τετράς,
1189 573 1231 662 ῶς

12 717 88 777 ικε,
122 693 265 781 δυνάμει·
300 695 328 758 εἰ
348 695 423 780 γοῦν
445 694 475 760 οί
497 693 559 760 ἀπὸ
589 694 723 782 μονάδος
751 693 826 781 ἄχρι
851 695 999 782 τετράδος
1026 695 1098 782 ἑξῆς
1125 685 1230 762 συντε-

10 815 77 870 τῖεν
109 798 254 892 ἀριθμοί,
277 805 399 871 δεκάδα
421 805 629 892 γεννὴσουσιν,
652 805 718 892 ἡτις
741 806 812 892 ὅρος
832 809 888 894 τῆς
910 807 1051 893 ἀπειρίας
1064 809 1125 874 τῶν
1140 807 1230 894 ἀριθ-

10 925 50 982 ῦν
79 919 165 999 ἐστι,
188 921 260 1004 περί
281 916 315 984 ὃν
336 911 378 997 ῶς
391 917 555 1005 καμπτὴρ’
569 919 721 985 είλοῦνται
736 921 791 984 καὶ
806 913 1050 1006 ἀνακάμπτουσι.
1083 919 1230 1007 Περιέχει

30 1027 56 1115 ἡ
86 1028 206 1115 τετρὰς
229 1032 284 1094 καί
304 1030 375 1108 τούς
396 1028 511 1115 λόγους
531 1037 592 1096 τῶν
614 1029 698 1096 κατά
721 1030 873 1118 μουσικὴν
898 1037 1090 1119 συμφωνιῶν,
1118 1034 1173 1118 τῆς
1195 1055 1229 1098 τε
1272 1051 1286 1094 5

10 1142 35 1204 οὶ
75 1139 243 1228 τεττάρων
276 1145 331 1206 καὶ
363 1139 415 1206 διά
448 1142 539 1209 πέντε
571 1146 626 1208 καί
654 1141 706 1209 διά
732 1150 842 1209 πασῶν
869 1146 924 1208 καί
951 1144 1078 1230 προσέτι
1106 1145 1150 1222 δίς
1178 1144 1230 1209 διὰ

10 1255 118 1337 κσῶν,
145 1253 180 1333 ἐξ
202 1254 244 1320 ῶν
266 1253 410 1341 σύστημα
432 1256 467 1320 τό
492 1254 685 1323 τελειότατον
708 1254 929 1341 ἀπογεννᾶται·
953 1263 1008 1342 τῆς
1032 1255 1162 1342 μὲνγὰρ
1178 1255 1229 1320 διά

10 1366 157 1451 ιττάριυν
181 1359 197 1430 ὃ
219 1365 313 1452 λόγος
336 1367 495 1453 ἐπίτριτος,
517 1369 574 1454 τῆς
597 1369 631 1433 δὲ
654 1367 706 1432 διά
727 1367 818 1434 πέντε
839 1367 988 1454 ἡμιόλιος,
1012 1367 1172 1446 διπλάσιος
1194 1371 1229 1433 δέ

10 1479 41 1564 ῆς
68 1478 131 1542 διὰ
152 1479 272 1561 πασῶν,
300 1478 525 1565 τετραπλάσιος
548 1481 583 1544 δέ
604 1481 660 1566 τῆς
683 1481 727 1557 δίς
750 1478 801 1544 διά
822 1481 941 1562 πασῶν,
971 1479 1024 1558 οῦς
1047 1479 1185 1558 ἅπαντας
1205 1473 1227 1565 ἡ

10 1589 106 1674 ετράς
133 1590 203 1674 ἔχει
224 1588 448 1676 περιλαβοῦσα,
470 1590 522 1657 τόν
546 1593 600 1678 μέν
623 1591 773 1676 ἐπίτριτον
788 1592 820 1657 έν
835 1592 878 1677 τῷ
893 1591 1032 1678 τέσσαρα
1053 1590 1131 1678 πρός
1148 1592 1227 1678 τρία,
1261 1611 1296 1656 10

10 1700 39 1766 ἰν
65 1695 100 1765 δ’
120 1696 267 1788 ἡμιόλιον
289 1703 321 1767 ἐν
342 1703 407 1789 τῶί
431 1704 501 1788 τρία
522 1701 599 1789 πρός
621 1702 686 1787 δύο,
715 1702 768 1769 τόν
795 1704 830 1768 δέ
858 1701 1019 1769 διπλάσιον
1048 1703 1080 1770 έν
1105 1704 1149 1790 τῷ
1173 1703 1228 1769 δόο
1247 1730 1273 1781 p.
1286 1713 1315 1766 11
1330 1714 1363 1768 M.

10 1814 69 1898 ςρδς
94 1815 133 1878 ἓν
155 1813 179 1898 ἡ
201 1815 340 1900 τέσσαρα
362 1812 438 1900 πρὸς
464 1814 536 1895 δύο,
562 1814 615 1880 τόν
644 1815 679 1880 δέ
707 1811 931 1900 τετραπλάσιον
960 1815 992 1881 έν
1019 1817 1062 1901 τῷ
1091 1815 1229 1902 τέσσαρα

10 1926 68 2010 ἱρὸς
94 1928 141 1993 ἕν.

82 2038 146 2105 16.
186 2037 277 2102 Ἔστι
300 2039 412 2103 δὲκαὶ
435 2037 560 2124 δύναμις
583 2037 664 2124 ἄλλη
688 2036 836 2123 τετράδος
857 2036 1016 2125 λεχθῆναί
1037 2061 1071 2103 τε
1087 2041 1143 2102 καὶ
1156 2061 1228 2125 νοη-

10 2151 93 2234 ιῆναι
118 2149 381 2237 θαυμασιωτάτη.
405 2149 514 2237 πρώτη
537 2149 599 2236 γάρ
623 2149 702 2236 αὕτη
725 2149 782 2236 τὴν
803 2153 858 2216 τοῦ
874 2157 1001 2236 στερεοῦ
1016 2150 1105 2237 φύσιν
1121 2152 1227 2232 έδειξε,
1250 2167 1284 2210 ιο

10 2269 52 2327 ῶν
86 2261 154 2348 πρὸ
189 2256 286 2348 αότῆς
320 2255 463 2350 ἀριθμῶν
495 2273 558 2340 τοῖς
593 2261 769 2349 ἀσωμάτοις
797 2257 1020 2351 ἀνακειμένων·
1057 2263 1140 2329 κατὰ
1173 2265 1228 2349 μέν

9 2371 55 2458 ’ἀρ
87 2375 125 2439 τὸ
157 2375 191 2440 ἓν
217 2373 359 2440 τάττεται
387 2373 615 2462 τὸλεγόμενον
645 2377 677 2441 ἐν
704 2377 881 2463 γεωμετρίᾳ
913 2386 1051 2463 σημεῖον,
1084 2376 1168 2440 κατά
1193 2377 1228 2440 δέ

85 2579 373 2652 Ῑὸγάρ]οίσαρ’7
426 2585 579 2651 ἑνδελεχείᾳ
596 2582 634 2637 Μ
694 2583 910 2651 θγοῦνλῙΜαι
925 2583 1008 2641 οῦνίν
1071 2589 1096 2637 οἱ
1112 2601 1166 2638 om.
1179 2583 1231 2639 VF

31 2669 118 2722 verba
139 2668 204 2735 ἄχρι
223 2668 352 2734 τετράδος
374 2685 427 2722 om.
443 2668 505 2725 Ma
564 2669 636 2738 ἑξῆς]
656 2671 735 2738 ἑξῆς
753 2669 806 2725 VF
860 2666 1003 2740 3άριθμῷ
1024 2671 1054 2724 D
1113 2672 1226 2741 δεκάδα]

10 2755 113 2810 λεκαλῙ,
156 2755 215 2824 τῆς]
234 2773 273 2820 τις
291 2754 321 2808 F
369 2757 466 2824 4περί
478 2757 513 2810 ῶν
529 2756 583 2813 VD
635 2758 810 2826 ένκαμπτῆρα
828 2757 857 2811 Β
908 2758 1076 2813 5τεοιιι.Ι
1136 2761 1228 2812 6120-

10 2841 83 2907 ιάρων
98 2841 136 2895 Μ
193 2846 241 2894 καί
260 2847 325 2896 ante
343 2844 387 2896 διά
405 2847 495 2896 πασῶν
514 2842 604 2898 om.I
658 2845 716 2898 7τό
731 2862 822 2900 σιμά
879 2847 931 2913 γάρ
951 2845 1042 2900 om.V
1100 2847 1226 2899 8τεσσά-

10 2928 99 2981 ιιυνΜ
171 2931 297 2983 9νενίνα
314 2931 507 2998 τετραπλάσιος
530 2934 560 2983 δέ
582 2933 630 2999 τῆς
652 2935 691 2995 δίς
713 2933 757 2984 διά
778 2935 869 2985 πασῶν
897 2949 950 2987 om.
968 2932 1053 2989 BDb
1125 2933 1171 2997 οὓς
1195 2933 1228 2985 ἀν

10 3043 98 3115 τάντας
117 3051 183 3108 Ma
239 3053 272 3104 10
290 3055 348 3119 έχοι
366 3047 456 3106 MD'
489 3056 670 3120 περιλαβοῦσα
684 3012 1120 3122 ῨΜΕΒΟΙλιπάράλαβοῦσαΑ,
1139 3071 1227 3120 παρα-

10 3137 119 3201 λαβοῦσα
138 3144 160 3195 b
213 3140 243 3192 τὸ
258 3143 305 3205 μέν
317 3138 407 3206 ΑΒΘ,
423 3141 467 3193 τόν
480 3144 527 3208 μέν
539 3140 585 3193 οῦν
598 3139 635 3194 Μ
650 3140 724 3211 (γοῦν
736 3142 836 3211 Mang.)
891 3144 920 3195 11
941 3143 971 3195 τό
988 3138 1012 3194 δ’
1025 3140 1145 3211 ἡμιόλιον
1164 3139 1227 3196 Ma

35 3224 62 3274 τὸ
86 3230 117 3277 δέ
144 3227 282 3279 διπλάσιον
310 3225 391 3279 ABG
477 3228 510 3280 12
536 3226 554 3295 ἡ
577 3222 644 3294 πρός
665 3226 730 3296 ένὴ
763 3227 788 3285 V
871 3229 901 3282 τό
929 3234 960 3282 δέ
984 3229 1176 3296 τετραπλάσιον
1204 3245 1227 3283 a

38 3311 69 3362 14
86 3313 219 3380 δεχθῆναι
235 3310 263 3366 V
330 3315 363 3366 16
386 3315 453 3382 πρὸς
472 3309 555 3383 αότὴς
576 3314 599 3366 0
670 3316 701 3367 17
720 3324 859 3383 σημεῖον
882 3316 921 3372 V:
941 3321 1006 3369 είναι
1024 3323 1132 3384 σημεῖον
1149 3313 1228 3369 ceteri

87 3482 100 3534 1
129 3483 167 3535 de
184 3483 270 3550 plant.
289 3482 302 3534 Ι
320 3482 371 3535 347
398 3485 524 3535 καλεῖται
542 3486 572 3534 δέ
590 3481 685 3548 τετράς
704 3484 751 3533 καί
773 3483 835 3546 πᾶς,
854 3480 895 3532 ὅτι
912 3481 946 3534 τοὶ
964 3480 1028 3549 ἄχρι
1046 3480 1162 3544 δεκάδος
1180 3482 1227 3532 καί

10 3556 82 3632 αὐτὴν
100 3569 206 3622 δεκάδα
224 3572 341 3636 περιέχει
359 3569 476 3636 δυνάμει.
555 3571 572 3623 3
599 3570 634 3622 de
658 3569 746 3621 decal.
769 3568 793 3620 ΙΙ
813 3567 863 3619 184
886 3567 981 3635 σχεδόν
1002 3567 1055 3634 γάρ
1077 3565 1095 3634 ἡ
1120 3562 1226 3633 ἀπειρία

10 3648 53 3700 τῶν
75 3647 196 3722 ἀριθμῶν
214 3655 297 3722 ταύτῃ
317 3655 431 3725 (δεκάδι)
457 3663 596 3723 μετρεῖται.
676 3657 694 3708 4
721 3671 782 3722 sqq.
807 3655 841 3707 de
865 3654 911 3708 vit.
930 3655 997 3708 Mos.
1016 3654 1041 3708 II
1062 3655 1111 3706 152
1134 3654 1224 3720 έπειδῆ

11 3737 88 3792 πάντα
106 3745 133 3795 ἐν
152 3746 186 3810 τῆ
204 3737 323 3810 τετράδι·
344 3785 350 3797 .
370 3784 376 3798 .
396 3785 402 3796 .
422 3785 429 3798 .
446 3749 494 3796 καί
517 3749 545 3796 αἱ
562 3743 635 3796 κατὰ
659 3743 786 3810 μουσικῆν
804 3741 909 3808 ἀρισται
927 3746 1080 3808 συμφωνίαι,
1098 3740 1115 3809 ἡ
1135 3759 1165 3792 τε
1183 3741 1226 3793 διά

11 3825 134 3892 τεσσάρων
158 3833 185 3882 έν
208 3833 328 3896 ἐπιτρίτῳ
350 3831 423 3898 λόγῳ
446 3835 494 3883 καί
515 3829 532 3899 ἡ
558 3831 601 3882 διά
625 3834 702 3883 πέντε
726 3833 752 3881 ἐν
775 3826 888 3896 ἡμιολίῳ
911 3833 959 3881 καί
981 3826 998 3896 ἡ
1024 3828 1067 3880 διά
1090 3830 1181 3880 πασῶν
1199 3831 1226 3879 έν

14 3909 128 3982 διπλασίῳ
152 3921 200 3969 καί
216 3916 233 3985 ἡ
255 3922 294 3982 δίς
312 3918 354 3970 διά
374 3921 464 3970 πασῶν
483 3922 510 3970 ἐν
528 3921 718 3985 τετραπλασίῳ.
791 3916 823 3968 16
842 3931 903 3982 sqq.
924 3916 958 3968 de
977 3915 1064 3968 decal.
1084 3916 1109 3968 ΙΙ
1129 3915 1179 3969 184
1196 3915 1225 3966 τό

14 3997 52 4058 μὲν
62 4001 112 4067 γάρ
125 4007 182 4056 δυσί
200 4009 318 4072 σημείοις
330 4004 526 4071 περατοῦμενόν
539 4008 593 4057 ἑστι
611 4004 730 4072 γραμμή,
749 4004 778 4056 τό
799 3998 823 4079 δῖ
846 4005 888 4053 έπί
907 4002 955 4053 δυό
974 4001 1113 4054 διαστατόν
1132 4000 1226 4066 ἐπιφά-

15 4095 70 4148 νεια,
88 4091 190 4158 ῥυείσης
209 4093 252 4142 έπί
268 4091 371 4154 πλάτος
393 4091 526 4159 γραμμῆς,
545 4092 574 4143 τό
594 4089 618 4143 δ’
641 4094 683 4142 έπί
701 4094 760 4156 τρία
784 4089 897 4156 στερεόν,
917 4089 1020 4157 μῆκους
1043 4093 1091 4141 καί
1108 4088 1225 4150 πλάτους

16 4167 90 4235 βάθος
111 4177 320 4243 προσλαβόντων,
345 4173 384 4244 ἐφ’
409 4176 444 4230 ῶν
466 4182 570 4230 ἵσταται
593 4177 681 4244 φάσις·
700 4179 808 4240 πλείους
826 4175 878 4242 γάρ
902 4179 978 4242 τριῶν
1001 4175 1151 4237 διαστάσεις
1174 4169 1225 4226 οὐκ

18 4259 151 4326 ἐγέννησεν.
175 4259 320 4331 ἀρχέτυποι
347 4267 377 4315 δὲ
404 4264 503 4316 τοότων
527 4259 636 4332 ἀριθμοί
662 4266 709 4317 τοῦ
739 4267 785 4331 μὲν
813 4259 974 4315 ἀδιαστάτου
999 4266 1107 4329 σημείου
1135 4261 1165 4312 τὸ
1190 4263 1225 4323 έν,

17 4341 57 4404 τίς
74 4347 101 4396 δὲ
117 4345 241 4418 γραμμῆς
259 4350 292 4402 τά
318 4350 374 4416 δόο,
396 4355 444 4403 καί
467 4355 622 4418 ἐπιφανείας
646 4355 692 4419 μέν
715 4351 749 4402 τά
772 4355 840 4417 τρία,
864 4352 972 4416 στερεοῦ
992 4349 1021 4400 δέ
1044 4349 1077 4400 τά
1095 4351 1224 4414 τέσσαρα·

20 4421 82 4496 14νὴ
105 4433 229 4502 σόνθεσις,
257 4436 317 4500 ἑνὸς
339 4440 387 4489 καί
409 4441 481 4490 δυοῖν
503 4442 551 4490 καί
573 4442 650 4504 τριῶν
668 4442 715 4491 καί
738 4437 880 4505 τεσσάρων,
900 4434 1027 4489 ἀποτελεῖ
1048 4435 1165 4487 δεκάδα.
1190 4436 1224 4488 de

24 4525 147 4582 cOngress.
165 4523 178 4575 Ι
195 4523 307 4578 540...
327 4532 434 4592 σημεῖον
453 4529 500 4591 μέν
517 4528 585 4577 ἐστιν
604 4525 634 4577 οῦ
654 4529 734 4592 μέρος
752 4520 837 4590 οὐδέν,
855 4523 963 4592 γραμμῆ
984 4526 1014 4574 δέ
1033 4522 1119 4590 μῆκος
1137 4517 1224 4574 ἀπλα-

20 4599 63 4663 VS,
79 4605 211 4673 ἐπιφάνεια
234 4614 264 4662 δέ
282 4610 296 4662 δ
317 4613 404 4679 μῆκος
425 4615 473 4664 καί
490 4612 592 4676 πλάτος
617 4611 695 4678 μόνον
718 4615 781 4679 έχει,
801 4612 907 4678 στερεόν
926 4613 956 4662 δέ
977 4609 992 4660 ὃ
1012 4610 1061 4672 τοὶς
1080 4615 1149 4676 τρεῖς
1168 4611 1224 4676 έχει

22 4683 157 4760 διίῑῦτῦὶσεις,
176 4701 262 4766 μῆκος
280 4698 380 4762 πλάτος
400 4699 492 4764 βάθος.
