3142 5238
301 349 386 414 XLII

303 543 376 604 tum
397 539 433 603 in
454 559 517 604 usu
541 544 612 605 erat
635 541 777 605 dialecto
807 540 854 605 nti
878 541 1001 618 noluit,
1031 541 1092 605 sed
1120 541 1309 622 exemplum
1340 543 1528 604 ceterorum

303 652 479 716 hominum
494 652 718 717 litteratorum
735 656 868 717 secutus
883 655 1033 717 veterum
1050 652 1252 734 scriptorum
1268 655 1381 716 artem
1401 651 1529 715 dicendi

305 762 454 828 imitatus
484 768 551 828 est.
581 784 647 847 quo
676 763 711 828 ln
741 763 853 828 studio
880 767 951 828 tam
979 749 1058 828 f'elix
1081 763 1185 828 fuisse
1210 763 1424 845 quibusdam
1450 764 1529 826 visus

305 877 371 950 est,
399 877 437 938 ut
464 893 658 956 perversum
686 874 768 938 illud
797 873 923 939 dictum
952 871 973 958 η
1001 872 1108 939 Φίλων
1134 872 1316 950 πλατωνίζει
1345 871 1368 957 ἦ
1402 871 1531 936 Πλάτων

303 982 457 1066 φιλωνίζει
485 1005 555 1050 non
583 989 715 1050 tantum
743 985 786 1049 ad
814 985 1051 1068 philosophiae
1080 985 1253 1049 doctrinae
1280 1004 1406 1048 verum
1439 985 1531 1048 etiarn

304 1094 347 1159 ad
372 1094 538 1160 sermonis
563 1096 817 1161 similitudinem
844 1096 1058 1161 referendum
1087 1115 1162 1160 esse
1186 1095 1251 1159 sibi
1272 1095 1530 1176 persuaderent

306 1204 366 1268 sed
389 1206 521 1270 etiamsi
543 1206 698 1270 Philonis
722 1226 834 1270 sermo
857 1225 927 1270 non
950 1207 979 1270 is
1003 1211 1065 1284 cst,
1095 1207 1151 1288 qui
1181 1224 1256 1270 curn
1282 1205 1450 1269 Platonis
1476 1206 1531 1270 ele

304 1316 419 1396 gantia
440 1336 518 1382 vere
542 1318 729 1399 comparari
751 1318 877 1399 possit,
906 1317 1040 1382 laudern
1066 1321 1182 1381 tamen
1202 1315 1285 1380 boni
1309 1320 1343 1379 et
1367 1316 1531 1398 elegantis
1556 1371 1557 1418 1

304 1444 366 1507 pro
391 1446 451 1490 suo
474 1432 626 1508 tempore
650 1428 825 1509 scriptoris
849 1429 920 1493 iure
943 1427 1084 1509 adeptus
1109 1431 1175 1492 est.
1206 1446 1417 1508 quamquam
1451 1426 1532 1490 enim

305 1537 402 1601 novis
436 1542 470 1603 et
503 1539 588 1603 raris
616 1539 788 1604 vocabulis
823 1543 856 1603 et
882 1539 1087 1604 dictionibus
1117 1558 1186 1603 non
1219 1538 1320 1619 plane
1355 1537 1530 1602 abstinuit.

306 1667 519 1730 summopere
541 1653 655 1714 tamen
679 1648 822 1728 studuit,
844 1655 881 1714 ut
904 1651 1093 1715 orationem
1122 1667 1218 1713 suam
1244 1649 1359 1713 Attico
1384 1649 1530 1730 quodam

305 1759 417 1823 colore
440 1759 596 1825 afficeret.

390 1871 439 1934 Ac
461 1871 607 1951 primum
630 1871 766 1952 quidem
788 1871 829 1935 in
852 1872 1019 1936 delectu
1039 1871 1256 1935 verborum
1279 1889 1350 1933 non
1367 1870 1415 1934 ad
1432 1891 1531 1935 unum

307 1981 506 2062 scriptorem
528 1982 582 2046 vel
604 1982 648 2046 ad
669 2001 774 2046 unum
796 2001 902 2063 genus
926 1981 1130 2064 scriptomm
1153 2001 1229 2045 sese
1255 1980 1456 2062 applicavit,
1480 1980 1532 2046 sed

304 2096 341 2156 ut
363 2093 398 2156 in
420 2093 657 2174 philosophiae
681 2093 835 2158 doctrina
858 2093 1056 2174 explicanda
1071 2112 1141 2156 non
1162 2111 1268 2156 unum
1287 2091 1532 2174 philosophum

306 2203 402 2284 quasi
439 2203 559 2268 ducem
597 2203 662 2267 sibi
699 2203 813 2284 elegit,
852 2203 912 2268 sed
948 2203 1146 2282 multorum,
1183 2201 1338 2284 inprimis
1378 2203 1531 2267 Platonis

306 2313 499 2378 Stoicorum
530 2314 833 2395 Pythagoreorum,
868 2313 1025 2394 dogmata
1052 2313 1241 2395 usurpavit,
1275 2312 1322 2376 ita
1348 2315 1531 2378 verborum

307 2423 439 2504 copiam
461 2424 644 2488 multorum
668 2425 871 2506 scriptorum
893 2425 929 2487 in
945 2444 1044 2488 usum
1060 2443 1158 2487 suum
1181 2423 1353 2487 convertit.
1379 2425 1531 2488 omnium

304 2555 385 2599 vero
410 2535 611 2616 scriptorum
634 2540 785 2600 veterum
809 2536 954 2600 maxime
978 2535 1146 2600 adamavit
1173 2535 1409 2612 Platonem,
1438 2554 1532 2616 quem
1558 2525 1559 2536 ²

306 2646 508 2728 aliquotiens
542 2647 577 2710 in
612 2647 706 2711 libris
742 2646 811 2710 suis
849 2645 1050 2711 nominatim
1083 2646 1212 2724 laudat,
1250 2645 1355 2710 multo
1398 2647 1531 2727 saepius

305 2758 406 2823 tacite
430 2758 583 2822 adhibuit
605 2761 638 2822 et
667 2757 840 2840 expilavit.
869 2757 982 2839 itaque
1010 2777 1080 2820 non
1108 2756 1231 2820 mimm
1260 2756 1350 2838 qnod
1372 2775 1532 2838 magnam

308 2870 440 2950 copiam
478 2871 659 2934 verborum
693 2889 712 2934 a
744 2868 887 2933 Platone
924 2869 1069 2949 accepit.
1105 2868 1210 2932 verba
1245 2866 1426 2931 Platonica
1438 2867 1465 2948 1)
1503 2867 1532 2928 in

306 2982 420 3046 libello
445 2981 486 3044 de
511 2981 642 3061 opificio
666 2980 783 3044 mundi
800 2984 878 3044 sunt
901 2971 1105 3062 ἀδιάφθορος,
1128 2974 1311 3061 ἀεροπόρος,
1334 2975 1531 3061 αἰσθητικός,
1559 3065 1560 3082 γ

307 3087 465 3174 ἀκράτωρ,
495 3087 617 3174 ἀμιγης,
647 3082 793 3173 ἀμυδρός,
823 3087 1016 3174 ἀμυντήριον,
1047 3082 1299 3174 ἀναβλαστάνειν,
1327 3086 1531 3173 ἀναρμοστία,

308 3198 509 3284 ἀνάρμοστος,
539 3197 696 3283 ἀνήνυτος,
724 3197 863 3284 ἀπᾴδειν,
892 3193 1145 3281 ἀπαθανατίζειν,
1174 3192 1377 3285 ἀπακριβοῦν,
1408 3196 1533 3283 ἀπομη-

306 3309 417 3388 κύνειν,
447 3307 675 3394 ἀποσεμνύνειν,
704 3308 908 3396 ἀπόσπασμα,
938 3309 1083 3395 ἀπραξία,
1112 3306 1306 3395 ἀσυμφωνία,
1335 3302 1531 3394 ἀταμίευτος,

309 3417 515 3504 αὐτοκρατης,
545 3418 745 3504 ἀφιλόσοφος,
775 3419 959 3508 βραβευιης,
987 3421 1227 3506 γαστριμαργία,
1249 3417 1383 3506 γεώδης,
1406 3442 1533 3504 γνωστι-

308 3527 373 3612 κός,
397 3531 620 3610 δυσωπεῖσθαι,
644 3532 820 3616 ἐκμαγεῖον,
850 3530 1021 3617 ἐλλόγιμος,
1051 3532 1216 3617 ἐμφαίνειν,
1244 3529 1429 3616 ἐναντιότης,
1457 3531 1532 3610 ἐξικέ

309 3639 425 3724 μάζειν,
449 3640 596 3725 ἐξίτηλος,
625 3642 783 3726 ἐπίκηρος,
813 3641 1017 3728 ἐπιφημίζειν,
1047 3641 1254 3728 ἐποχετεύειν,
1283 3641 1445 3726 ἑστιάτωρ,
1474 3643 1532 3706 ἑτε-

309 3748 440 3834 ροιότης,
476 3744 674 3837 εὐάρμοστος,
711 3751 850 3834 ζωτικάς,
884 3752 1077 3838 θεραπαινίς,
1112 3752 1235 3838 ἰδιότης,
1269 3754 1396 3838 ἵδρυσις,
1432 3751 1533 3827 ἰσάκις

308 3863 382 3941 ίσος,
406 3860 544 3943 κένωσις,
566 3861 686 3947 κλῆσις,
708 3863 924 3949 κορυβαντιᾶν,
945 3863 1127 3949 λαιμαργία,
1143 3861 1303 3948 λεωφόρος
1326 3861 1407 3945 ὁδός,
1432 3863 1533 3948 μαλα-

307 3970 414 4056 κότης,
449 3969 650 4056 μαρμαρυγη,
685 3971 865 4057 μετριάζειν,
900 3973 1039 4058 μόνωσις,
1073 3974 1176 4059 ὄγκος,
1206 3972 1311 4057 ὀλκός,
1344 3971 1533 4059 ὁλόκληρος,

308 4081 520 4167 όργανοποιία,
542 4083 737 4167 πειθαρχεῖν,
759 4082 858 4166 πῆξις,
873 4082 1069 4169 πρόσταγμα,
1087 4083 1312 4170 προϋπάρχειν,
1328 4086 1532 4164 σκοτοδινιᾶν,

309 4192 460 4278 συνᾴδειν,
498 4191 652 4272 σύστασις,
690 4191 912 4278 σωματοειδης,
949 4189 1173 4279 ὑποσκελίζειν,
1210 4193 1430 4281 φιλοθεάμων.
1473 4215 1532 4261 nec

310 4303 419 4367 solum
442 4303 573 4385 singula
587 4303 760 4382 vocabula,
785 4305 960 4370 sedetiam
978 4310 1067 4372 totas
1091 4306 1218 4392 φράσεις
1232 4308 1387 4372 Platonis
1410 4309 1531 4372 lubens

397 4556 419 4623 ¹)
437 4558 469 4609 In
496 4558 535 4610 eis
560 4574 632 4625 quae
656 4559 796 4625 congessit
819 4559 953 4626 Sieglried
976 4561 1068 4629 (Philo
1092 4579 1147 4615 von
1170 4563 1347 4628 Alexandria,
1370 4563 1533 4622 Iena1875,

309 4657 335 4708 p.
354 4643 388 4695 δά
407 4643 478 4709 sqq.)
496 4645 584 4697 multa
601 4645 799 4698 desiderantur.
