3142 5238
290 362 392 427 XXVI

294 551 387 615 cuius
405 551 506 616 editio
524 552 571 616 sic
587 551 750 633 inscripta
765 553 830 616 est:
853 549 994 629 Φίλωνος
1013 549 1169 616 Ἰουδαίου
1193 552 1235 630 είς
1249 551 1289 617 τὰ
1303 552 1359 616 τοῦ
1377 551 1511 626 Μωσέως

292 661 561 748 Κοσμοτιοιητικοί,
579 656 749 747 Ἱστορικά,
771 661 985 748 Νομοθεττκοί,
1008 663 1063 727 τοῦ
1086 662 1181 728 αὐτοῦ
1208 661 1391 751 μονόβιβλα.
1441 661 1511 726 Phi-

292 772 374 838 ionis
394 773 509 838 Iudaei
524 773 562 838 in
576 773 669 838 libros
685 772 785 838 Mosa
799 773 836 838 de
850 773 965 838 mirati·
986 772 1116 857 opificio,
1132 774 1303 855 historicos,
1326 775 1366 839 ote
1391 774 1513 858 lepibur,

292 885 428 950 ουάσαίονα
450 885 522 951 libri
543 885 734 970 eiupcelurea
758 905 797 949 eoo
811 884 1001 950 Bibliotheca
1015 885 1133 968 Repc'u.
1156 885 1306 966 Parisiis,
1329 907 1372 950 ea·
1388 885 1515 968 officina

291 995 433 1062 Adriani
465 996 607 1062 Turnebi
634 995 821 1079 typopruphi
847 995 952 1079 Βορέα
1004 995 1116 1080 Repiis
1150 995 1258 1079 Typis.
1289 997 1334 1062 M.
1364 997 1413 1062 D.
1439 994 1514 1058 Lll.

292 1111 327 1173 in
349 1110 458 1192 primo
482 1110 563 1173 folio
586 1109 706 1190 legitur
729 1109 868 1173 editoris
892 1109 1036 1190 epistula
1059 1109 1266 1174 dedicatoria
1288 1112 1331 1174 ad
1355 1109 1516 1174 Catulum

294 1221 507 1285 Cardinalem
529 1220 766 1301 Lotharingiae
790 1220 908 1284 missa.
932 1220 1084 1283 ordinem
1116 1241 1181 1302 quo
1212 1220 1337 1302 scripta
1359 1218 1515 1284 Philonis

293 1333 328 1395 in
352 1333 415 1396 hac
438 1331 585 1396 editione
607 1331 758 1412 principe
782 1331 947 1412 disposita
969 1335 1048 1396 sunt
1071 1332 1265 1396 aTurnebo
1289 1331 1516 1413 excogitatum

293 1463 368 1506 esse
384 1443 489 1523 ipsius
505 1442 699 1507 testimonio
716 1447 864 1519 constat;
889 1443 1005 1506 scribit
1020 1443 1111 1506 enim
1133 1443 1168 1506 in
1192 1443 1336 1525 epistula
1358 1443 1423 1506 illa
1448 1461 1516 1504 cum

293 1553 441 1618 aliatum
458 1555 556 1619 haec:
579 1551 700 1637 πολλὴν
722 1554 757 1616 δὲ
778 1551 926 1639 σύγχυσιν
941 1546 1080 1638 εὑρόντες
1104 1554 1135 1617 έν
1157 1559 1196 1639 τῇ
1219 1555 1278 1619 τῶν
1300 1551 1408 1637 λόγων
1425 1550 1514 1630 τάξει,

294 1658 390 1740 οὕτως
413 1661 523 1740 αὐτοὺς
544 1664 811 1750 κατεχωρίσαμεν,
835 1657 875 1741 ὥς
890 1663 950 1728 ὑπὸ
964 1665 1018 1729 τοῦ
1041 1665 1246 1750 συγγραφέως
1269 1664 1449 1749 ἐδοκοῦμεν
1464 1659 1513 1742 τήν

294 1772 397 1858 ἀρχὴν
425 1775 656 1857 διατεθεῖσθαι,
686 1773 964 1859 ἀκολουθήσαντος
997 1775 1038 1852 og
1071 1770 1331 1862 ὑπελαμβάνομεν
1362 1785 1436 1852 ταῖς
1469 1777 1516 1836 τοῦ

293 1887 432 1964 Μωσέως
455 1887 525 1971 ἑξῆς
548 1882 652 1973 ὥσπερ
673 1886 752 1952 καθ’
770 1886 874 1973 εἱρμὸν
896 1887 1005 1973 phocen
1027 1891 1081 1952 καί
1103 1889 1256 1972 ἱστορίαις.
1280 1908 1384 1971 opera
1407 1892 1515 1953 autem

294 2000 329 2063 in
351 2003 419 2065 tres
448 2004 561 2082 partes
591 2001 759 2065 dividendi
788 2021 907 2065 ansam
936 2001 971 2064 ni
994 2001 1092 2065 fallor
1116 2001 1145 2064 ei
1169 2000 1335 2064 dederunt
1359 1996 1512 2063 Philonis

293 2113 396 2176 verba
425 2133 509 2194 quae
537 2112 633 2177 initio
662 2113 766 2177 libelli
795 2114 835 2177 de
864 2112 1023 2195 praemiis
1053 2116 1086 2176 et
1113 2111 1234 2194 poenis
1262 2111 1374 2175 {1408
1405 2112 1512 2187 Mang.

295 2223 449 2305 leguntur
471 2221 526 2298 τὰς
549 2225 603 2307 μέν
626 2221 679 2287 οὖν
700 2229 761 2287 τῶν
790 2221 840 2286 διὰ
867 2223 921 2286 τοῦ
951 2219 1113 2306 προφήτου
1136 2221 1274 2297 Μωσέως
1301 2220 1418 2306 λογίων
1442 2226 1514 2303 τρεῖς

296 2331 380 2408 ἰδέας
408 2333 483 2396 εἶναι
510 2332 706 2418 συμβέβηκε·
736 2331 792 2416 τήν
820 2335 874 2418 μέν
900 2331 961 2418 γοὶρ
989 2335 1076 2417 περὶ
1102 2333 1378 2418 κοσμοποιίας,
1403 2330 1464 2415 τὴν
1484 2328 1513 2390 δὲ

296 2441 510 2526 ίστορικήν,
533 2441 589 2526 rho
612 2444 647 2506 δε
669 2444 773 2530 τρίτην
795 2442 1075 2529 νομοθετικήν.
1100 2464 1162 2508 nec
1178 2445 1252 2508 sine
1269 2464 1370 2508 causa
1385 2445 1513 2508 Turne·

293 2556 357 2619 bus
381 2554 416 2617 in
437 2554 590 2620 Philonis
615 2558 739 2638 scripta
761 2559 849 2622 hanc
864 2557 1085 2622 Pentateuchi
1109 2557 1310 2621 divisionem
1333 2554 1511 2628 transtulit,

296 2666 349 2729 cui
378 2685 453 2729 cum
482 2685 551 2730 non
586 2688 703 2733 omnes
737 2669 842 2733 libros
877 2668 1150 2733 accommodatos
1183 2667 1327 2746 videret,
1363 2669 1512 2750 quartam

295 2777 451 2840 formavit
472 2780 603 2858 partem
624 2779 788 2844 librorum
811 2780 1038 2861 singularium.

382 2887 479 2964 Quod
508 2908 547 2951 erc
574 2887 764 2954 Bibliotheca
791 2887 894 2974 Recto
923 2910 959 2954 se
986 2890 1166 2954 Philonem
1200 2889 1298 2954 edere
1331 2888 1510 2960 denuntiat,

295 2999 400 3063 libros
430 3020 533 3064 manu
563 3001 816 3092 scriptos'dicit
841 3001 943 3082 Regis
979 2999 1261 3065 christianissimi
1289 2999 1511 3065 bibliothecae

294 3112 585 3190 Fontebladensis‚
609 3112 666 3195 qui
682 3133 770 3177 nune
786 3113 821 3176 in
836 3112 1041 3176 bibliotheca
1062 3111 1248 3176 Parisiensi
1272 3131 1356 3194 quae
1379 3114 1511 3175 vocatur

297 3221 466 3286 Nationali
499 3224 736 3288 adservantur.
771 3228 849 3288 sunt
882 3227 994 3288 autem
1029 3224 1161 3288 codices
1191 3222 1338 3286 Parisini
1367 3219 1511 3286 numeris

297 3334 360 3396 433
384 3337 418 3397 et
439 3335 504 3398 434
531 3355 621 3399 nunc
650 3335 772 3417 signati
801 3335 954 3417 inprimis
984 3334 1209 3417 intellegendi,
1239 3353 1323 3416 quos
1352 3333 1421 3397 iam
1449 3338 1512 3397 turn

299 3445 334 3509 in
346 3446 551 3513 bibliotheca
562 3449 667 3530 Regia
678 3450 782 3514 fuisse
796 3470 897 3530 supra
915 3448 984 3512 dixi
1005 3448 1048 3532 (p.
1064 3449 1137 3512 XVI
1148 3446 1222 3531 σα).
1246 3468 1265 3510 a
1282 3467 1345 3530 que
1358 3447 1393 3509 in
1405 3444 1513 3510 libello

299 3557 433 3640 quidem
457 3559 498 3622 de
521 3560 651 3641 opificio
675 3562 791 3626 mundi
807 3560 1016 3626 recensendo
1036 3561 1196 3642 primario
1221 3559 1304 3623 duce
1327 3561 1359 3621 et
1381 3562 1512 3622 auctore

298 3669 475 3734 Turnebus
504 3691 585 3736 usus
621 3676 672 3736 est
700 3673 815 3737 codice
844 3673 998 3737 Parisino
1024 3675 1088 3737 433
1113 3671 1183 3757 (L];
1214 3692 1292 3736 nam
1315 3671 1413 3735 huius
1440 3689 1511 3735 con·

298 3783 427 3845 textum
450 3781 484 3845 in
508 3783 655 3848 editione
678 3784 830 3866 principe
853 3785 1019 3865 integrum
1042 3785 1111 3849 fere
1135 3803 1332 3865 expressum
1354 3782 1511 3846 videmus.

299 3891 409 3973 itaque
433 3911 508 3956 cum
534 3894 640 3959 codex
662 3893 693 3957 L
716 3896 759 3958 ad
789 3895 941 3960 codicum
971 3896 1114 3960 classem
1136 3898 1159 3960 b
1183 3893 1380 3958 referendus
1406 3893 1461 3971 sit,
1483 3891 1511 3954 in

297 4003 490 4067 universum
514 4005 663 4069 Turnebi
680 4005 826 4070 editione
841 4006 992 4088 principe
1015 4007 1178 4071 memoria
1194 4004 1313 4068 classis
1336 4006 1359 4069 b
1381 4021 1511 4084 reprae-

300 4117 464 4178 sentatur.
496 4116 646 4180 codicem
672 4116 704 4178 L
731 4121 858 4196 autem,
887 4136 956 4181 non
985 4118 1126 4182 alterum
1155 4115 1356 4195 Parisinum,
1385 4114 1433 4176 illi
1456 4131 1510 4196 pro

299 4225 517 4290 fundamento
558 4227 661 4291 fuisse
701 4247 740 4292 eo
777 4229 1030 4311 comprobatur,
1071 4227 1161 4310 quod
1193 4225 1234 4290 iis
1268 4243 1401 4309 quoque
1434 4224 1510 4289 locis

299 4336 419 4417 quibus
443 4334 474 4398 L
495 4339 548 4401 vel
570 4360 590 4402 a
614 4339 728 4403 codice
750 4338 790 4402 K
808 4344 840 4404 et
862 4340 999 4423 reliquis
1024 4339 1142 4404 classis
1166 4341 1188 4404 b
1212 4337 1383 4402 codicibus
1406 4334 1509 4399 veleb

299 4447 456 4511 omnibus
479 4450 641 4513 recedens
666 4451 868 4532 singularem
891 4452 993 4515 tradit
1014 4451 1204 4526 lectionem,
1234 4448 1337 4513 editio
1359 4447 1509 4529 princeps

298 4579 373 4624 cum
398 4559 512 4624 codice
534 4559 566 4623 L
589 4562 775 4644 conspirat:
803 4562 897 4640 idib
920 4563 975 4624 καὶ
997 4554 1082 4645 torio
1104 4560 1135 4624 L
1159 4564 1192 4625 et
1213 4557 1258 4624 ed.
1276 4579 1341 4641 pu,
1371 4558 1413 4633 είς
1435 4549 1510 4640 ἁφήν

296 4671 349 4735 vel
372 4672 427 4734 καί
449 4672 490 4747 είς
513 4665 596 4758 ἁφήν
618 4672 711 4738 ceteri
733 4671 862 4751 codiees;
892 4673 986 4752 tl‚l3
1013 4671 1137 4757 φθοράν
1159 4670 1190 4734 L
1213 4675 1246 4736 et
1268 4669 1313 4739 ed.
1331 4689 1395 4752 ρκ,
1419 4665 1508 4752 φοράν
