3142 5238
296 323 459 388 XXXVIII

297 501 493 596 γραψάμενοι
527 511 559 577 ἐν
592 519 661 587 ταῖς
690 509 807 574 ἑαυτῶν
835 509 965 592 ψυχαῖςι
1001 508 1041 573 cf.
1066 509 1138 587 67,7
1172 509 1204 573 ἐν
1231 514 1270 593 τῇ
1305 500 1409 572 αὑτοῦ
1448 509 1527 592 ψυχῇ

298 622 556 708 σφραγισάμενος.

384 735 479 811 repr
504 729 677 797 ἀπαντᾶται
700 731 831 796 correxi
859 750 921 812 pro
944 730 1078 812 vulgata
1107 729 1270 811 scriptura
1299 727 1450 814 ἀπαντᾷ.
1481 749 1528 793 co-

299 846 391 912 dices
414 845 532 910 leviter
556 847 732 925 corruptos
762 863 837 907 esse
866 845 1015 924 apparet,
1045 842 1167 925 quippe
1191 841 1247 923 qui
1268 843 1321 905 vel
1346 838 1483 905 ἀπαντᾶ
1503 841 1529 902 τὲ

298 956 351 1020 vel
382 952 504 1020 ἅπαντα
526 975 560 1018 τε
587 955 639 1019 vei
662 951 683 1016 ἀ
705 950 806 1019 πάντα
833 974 867 1017 τε
896 953 1044 1017 tradant.
1078 952 1159 1017 item
1188 952 1229 1016 de
1259 956 1389 1033 septen.
1420 953 1452 1015 Π
1475 953 1528 1014 ἀ89

300 1067 415 1132 nescio
432 1086 476 1131 an
500 1063 672 1130 ἀπαντᾶται
695 1064 939 1129 restituendum
956 1063 1010 1140 sit,
1035 1081 1110 1126 curn
1125 1063 1161 1126 in
1177 1061 1292 1126 codice
1306 1060 1352 1124 M
1360 1063 1529 1144 scriptum

301 1177 344 1242 sit
366 1178 421 1239 καὶ
443 1173 561 1259 φθόνος
583 1173 682 1251 οὐδεὶς
705 1172 854 1238 ἀπαντᾶ
876 1181 958 1249 ταῖς
981 1172 1019 1236 ἐκ
1045 1178 1106 1238 τῶν
1134 1173 1292 1238 δεσποτῶν
1319 1171 1527 1255 παλαιοτάτῳ

301 1287 370 1350 ἔθει
391 1283 634 1370 κεκρατημένων
657 1285 711 1370 (cf.
728 1284 959 1350 Tischendorf
972 1283 1105 1348 Philon.
1128 1305 1160 1366 p.
1177 1283 1274 1367 36,5).
1297 1285 1416 1349 forma
1442 1285 1528 1349 verbi

301 1397 413 1462 media
435 1397 555 1478 legitur
578 1397 679 1461 etiarn
702 1397 743 1460 de
760 1396 888 1460 conius.
904 1396 983 1477 ling.
1000 1397 1091 1460 lusa
1115 1394 1194 1480 μήτε
1215 1394 1271 1472 τάς
1293 1393 1528 1481 ἀπαραιτήτους

303 1506 340 1570 ἐκ
373 1506 453 1570 θεοῦ
487 1505 598 1583 δίκας
626 1515 688 1582 τοῖς
720 1500 815 1582 οὕτως
850 1498 1058 1591 ἀνοσιουργοῖς
1092 1504 1377 1592 ἀπαντωμὲνας.
1430 1509 1527 1572 verbo

303 1617 415 1681 medio
445 1613 647 1681 ἀπαντᾶσθαι
678 1637 741 1700 pro
770 1617 878 1682 activo
908 1614 1048 1681 ἀπαντᾶν
1074 1621 1214 1682 utuntur
1242 1618 1344 1683 etiarn
1367 1619 1526 1702 Polybius

304 1733 336 1793 et
357 1728 532 1793 Lucianus.

389 1839 462 1917 30‚7
498 1837 631 1902 codices
668 1837 818 1920 plerique
851 1837 989 1902 tradunt
1018 1836 1162 1921 ἤλπισαν,
1196 1859 1256 1921 pro
1292 1859 1358 1922 quo
1389 1841 1528 1922 Mangey

304 1948 441 2030 scripsit
475 1946 560 2024 ἐλπὶς
590 1946 636 2029 ἄν,
672 1949 778 2012 codex
802 1946 934 2023 ῑῙέλπὶς
962 1945 998 2011 ἄν
1025 1946 1074 2031 ἠν,
1108 1948 1213 2013 codex
1237 1947 1282 2011 M
1306 1947 1452 2033 ἤλπισαν
1486 1949 1527 2024 εἰς.

304 2061 459 2142 equidem
480 2060 660 2124 Philonem
684 2058 862 2140 scripsisse
885 2059 1031 2124 arbitror
1053 2057 1138 2134 ἐλπὶς
1161 2057 1198 2123 ἀν
1221 2060 1290 2143 εἴη.
1319 2060 1374 2124 cui
1398 2062 1528 2126 coniec-

303 2176 398 2236 turae
422 2190 493 2235 non
517 2171 630 2235 obstat
651 2177 828 2253 παρασχεῖν
856 2169 1039 2233 infinitivus
1067 2168 1200 2250 aoristi3
1229 2189 1308 2234 nam
1338 2173 1434 2252 apud
1458 2171 1528 2236 Phi-

304 2282 418 2346 lonem
441 2281 522 2344 alibi
552 2299 683 2362 quoque
713 2279 895 2344 infinitivus
925 2279 1044 2344 aoristi
1074 2278 1161 2361 (sine
1189 2280 1354 2361 particula
1382 2279 1436 2364 ἄν)
1463 2301 1528 2346 curn

303 2391 407 2455 verbo
424 2389 556 2466 ἐλπίζειν
579 2390 778 2454 coniunctus
794 2389 930 2472 legitur:
955 2391 996 2454 cf.
1016 2391 1058 2455 de
1072 2391 1216 2471 losepho
1239 2391 1324 2455 1160
1346 2387 1381 2467 ὃς
1405 2391 1528 2466 ἐλπίσας

304 2498 361 2584 τήν
381 2498 513 2582 Περσῶν
534 2499 685 2564 καθελεῖν
708 2497 826 2584 ἀρχήν.
855 2500 896 2563 de
920 2505 1000 2565 mut.
1026 2521 1115 2565 nom.
1139 2502 1237 2564 16Ῑά
1260 2499 1327 2564 οὐδ’
1359 2501 1451 2580 ἐλπὶς
1476 2504 1528 2585 ἐρι-

303 2609 429 2675 κὲσάαι.
1203 2627 1204 2632 ’

392 2719 536 2806 ΒλλᾶΙᾶΒ
565 2722 601 2786 in
630 2721 802 2786 codicibus
832 2722 915 2784 haec
944 2722 1115 2802 leguntur:
1143 2723 1199 2784 act
1228 2720 1361 2806 βαθείας
1391 2721 1528 2796 αὔλακας

306 2830 524 2916 ἀνατέμνοντες
552 2830 593 2896 δι’
622 2829 742 2916 ἡμέρας
771 2831 834 2894 ἔστι
863 2829 892 2894 δ’
925 2829 976 2895 ὅτε
1012 2829 1132 2916 μακρὸν
1166 2829 1292 2916 δόλιχον
1326 2824 1527 2896 οἰποτείνουσιΙ

307 2948 389 3009 ante
413 2941 533 3030 μακρόν
556 2943 683 3025 aliquid
705 2943 918 3007 intercidisse
946 2943 1111 3024 particula
1134 2941 1168 3006 δέ
1192 2943 1274 3008 satis
1299 2944 1463 3008 declarat.
1487 2945 1528 3007 in·

307 3055 397 3120 serui
419 3056 474 3116 καὶ
495 3052 618 3130 νυκτὸςε
643 3053 683 3119 cf.
707 3054 802 3130 abac
824 3054 880 3116 καὶ
900 3051 953 3117 τὸν
975 3050 1143 3137 γεωπόνων
1165 3050 1307 3137 κάματον
1330 3048 1528 3139 μεθ’ἡμὲραν

306 3166 373 3227 καὶ
395 3162 541 3247 νύκτωρ
566 3160 703 3247 ἀτρύτως
725 3162 937 3247 ἐκδεχόμενοι.
1440 3244 1443 3249 .

393 3274 467 3351 324
496 3273 544 3338 sic
573 3274 758 3355 legebatur:
787 3275 842 3337 καὶ
871 3270 932 3358 μὴν
959 3270 995 3335 τό
1023 3293 1061 3357 γε
1091 3269 1309 3357 θυμικῶτατον
1337 3273 1421 3357 ζῷον
1445 3275 1528 3346 ἵππος

309 3383 422 3468 ῥᾳδίως
445 3382 553 3467 ἄγεται
575 3383 772 3467 χαλινωάιείς,
801 3384 850 3448 ἵνα
873 3380 916 3467 μή
946 3389 1079 3468 σκιρτῶν
1103 3381 1270 3468 ἀρηνιᾶζγ,
1299 3385 1353 3447 καὶ
1382 3382 1424 3447 τά
1454 3391 1528 3450 νῶτα

308 3492 457 3570 κοιλάνας
490 3491 524 3557 εὖ
548 3493 634 3579 μᾶλα
666 3495 743 3578 πρὸς
765 3494 800 3558 τὸ
834 3493 960 3577 εὔεδρον
990 3492 1116 3578 δέχεται
1143 3491 1194 3560 τὸν
1225 3495 1356 3579 ἔποχον.
1392 3515 1466 3560 non
1495 3496 1527 3558 de

309 3626 393 3687 equo
429 3606 485 3688 qui
508 3606 617 3687 agitur
646 3606 666 3671 i.
691 3627 718 3671 e.
752 3607 828 3688 iugo
858 3608 975 3670 coacto
998 3605 1051 3668 vel
1084 3606 1127 3669 ad
1157 3625 1290 3670 currum
1323 3607 1441 3670 iuncto
1471 3608 1526 3670 hoc

307 3719 382 3780 loco
405 3717 508 3780 verba
530 3717 612 3794 fieri,
636 3717 696 3781 sed
719 3717 760 3781 de
782 3716 889 3780 veloci
913 3721 946 3782 et
969 3717 1012 3780 ad
1035 3716 1254 3798 equitandum
1276 3716 1401 3780 idoneo
1427 3715 1526 3780 mani·

308 3828 431 3891 festum
454 3831 519 3890 est.
551 3826 671 3891 deinde
701 3827 835 3891 codices
855 3825 927 3889 VM
941 3825 1217 3911 χαλιναγωγηθείς
1244 3826 1421 3907 praebent,
1446 3825 1526 3908 quod

307 3957 424 4002 verum
448 3956 523 4000 esse
546 3937 702 4016 arbitror,
733 3937 761 4001 si
790 3937 925 4020 quidem
955 3957 1024 4001 non
1054 3936 1268 4018 intellegitur,
1298 3938 1471 4018 quomodo
1492 3955 1525 4000 er

309 4047 418 4132 ἄγεται
446 4045 633 4131 χαλινωθείς
668 4047 789 4128 corrigi
820 4047 968 4128 potuerit
1001 4045 1110 4130 ἄγεται
1137 4045 1424 4132 χαλιναγωγηθείς,
1460 4064 1525 4110 cum

310 4157 517 4223 contrarium
551 4158 649 4222 facile
681 4158 753 4222 fieri
786 4158 947 4240 potuerit.
977 4157 1098 4240 quodsi
1126 4157 1224 4221 Philo
1258 4155 1525 4242 χαλιναγωγηάείς

310 4268 454 4350 scripsit,
484 4269 624 4333 verbum
647 4266 755 4352 ἄγεται
783 4289 826 4334 ne
850 4270 898 4333 sic
922 4269 1057 4350 quidem
1086 4268 1167 4332 ferri
1188 4273 1310 4350 potest.
1334 4269 1449 4350 itaque
1470 4269 1524 4331 hoc

309 4380 509 4444 vocabulum
531 4379 771 4460 interpolatum
794 4399 870 4444 esse
894 4398 1025 4444 censeo.

398 4491 470 4568 33‚5
495 4488 531 4554 ἀν
554 4483 690 4573 ὑμνῆσαι
712 4490 833 4572 scripsi
857 4491 931 4572 (pro
949 4487 1143 4574 ἀνυμνῆσαι),
1165 4490 1290 4568 ut1,15
1314 4489 1349 4552 in
1364 4487 1522 4570 plerisque

311 4600 484 4666 codicibus
506 4600 668 4664 traditum
691 4604 752 4663 est.
