3092 5236
806 356 1008 458 „234-

295 567 337 647 ῶς
359 563 396 634 ἀν
418 563 594 654 ἀρχέτυπον
617 565 634 634 ὁ
658 569 690 636 ἐν
713 567 837 654 ἑκάστῳ
860 569 921 634 τῶν
942 568 1026 634 κατά
1049 567 1142 655 μέρος
1164 561 1394 651 ἀπεικονίσθη,
1418 564 1512 650 τρόπον

295 681 361 747 τινά
389 680 465 758 θεός
492 678 535 746 ῶν
562 686 617 746 τοῦ
644 680 791 766 φέροντος
816 682 872 745 καί
899 677 1233 767 ἀγαλματοφοροῦντος
1261 677 1376 744 αὐτόν·
1410 676 1445 743 ὃν
1468 677 1513 760 γὰρ

296 793 364 878 ἔχει
390 791 484 878 λόγον
506 789 524 856 ό
547 791 645 878 μέγας
671 787 800 879 ῆγεμων
828 793 860 858 έν
888 791 1000 858 ἅπαντι
1026 799 1069 878 τῷ
1097 791 1218 878 κόσμιμ,
1241 791 1352 857 τοῦτον
1380 788 1426 868 ῶς
1448 790 1514 853 έοαε

296 907 352 969 καί
379 902 396 969 ό
424 897 621 990 ἀνθρώπινος
647 908 717 981 νοῦς
746 905 778 970 έν
807 899 981 990 ἀνθρώπῳ·
1013 901 1146 990 ἀόρατός
1173 925 1208 968 τε
1234 902 1297 988 γάρ
1326 903 1419 968 ἐστιν
1443 895 1515 976 αὐτός
1543 931 1544 958 ι

262 1025 276 1070 5
297 1013 397 1081 πάνθ’
428 1013 507 1100 δρῶν
535 1018 591 1081 καί
612 1015 731 1102 ἄδηλον
760 1017 827 1102 έχει
854 1016 911 1101 τῆν
939 1010 1047 1082 οὐσίαν
1073 1016 1129 1093 τάς
1150 1017 1210 1081 τῶν
1233 1015 1337 1082 ἀλλων
1364 1013 1516 1098 καταλαμ·

299 1126 414 1214 βάνων·
448 1129 503 1192 καί
535 1127 658 1213 τέχναις
690 1130 745 1193 καί
778 1126 960 1215 ἐπιστήμαις
992 1127 1191 1214 πολυσχιδεῖς
1225 1119 1414 1214 ἀνατέμνων
1445 1125 1518 1201 όδοός

297 1237 477 1325 λεωφόρους
504 1237 629 1317 ἁπάσας
655 1240 707 1306 διά
732 1247 792 1327 γῆς
825 1243 952 1328 ἔρχεται
980 1243 1035 1306 καὶ
1062 1239 1225 1326 θαλάττης
1253 1241 1293 1305 τά
1327 1240 1362 1306 ἐν
1395 1238 1517 1322 έκατέρρ

298 1352 389 1436 φύσει
411 1350 661 1437 διερευνώμενος·
684 1353 739 1416 καί
760 1350 853 1418 πάλιν
874 1353 989 1439 πτηνὸς
1012 1351 1121 1436 ἀρθείς
1142 1355 1198 1416 καί
1224 1351 1277 1418 τόν
1304 1350 1393 1437 ἀέρα
1418 1353 1474 1416 καί
1491 1350 1517 1414 τό

299 1461 408 1529 τούτου
430 1461 608 1549 παθήματα
629 1462 910 1550 κατασκεψάμενος
933 1458 1076 1549 ἀνωτέρω
1096 1463 1224 1549 φέρεται
1238 1464 1314 1549 πρός
1337 1463 1465 1548 αἰθέρα
1478 1463 1518 1525 καὶ

244 1594 279 1639 ιο
299 1573 355 1652 τοὶς
382 1568 542 1659 οὐρανίους
568 1572 746 1660 περιόδους,
775 1573 941 1662 πλανήτων
970 1597 1003 1641 τε
1030 1577 1086 1640 καί
1112 1569 1259 1641 ἀπλανῶν
1285 1576 1437 1661 χορείαις
1458 1597 1517 1659 συμ-

300 1683 524 1770 περιποληθείς
551 1686 635 1750 κατά
663 1687 734 1766 τούς
769 1691 920 1773 μουσικῆς
952 1686 1072 1764 τελείας
1099 1686 1226 1773 νόμους,
1256 1686 1416 1773 ἑπόμενος
1444 1687 1518 1769 έρωτι

301 1797 411 1882 σοφίας
432 1798 664 1884 ποδηγετοῦντι,
686 1805 792 1865 πᾶσαν
805 1798 862 1884 τῆν
877 1798 1035 1885 αίσθητῆν
1057 1795 1164 1864 οὐσίαν
1178 1791 1373 1884 ὑπερκύψας,
1401 1795 1515 1864 ἐνταῦθ’

302 1909 420 1992 ἐφίεται
447 1909 503 1994 τῆς
530 1916 659 1995 νοητῆς·
688 1912 743 1975 καί
771 1909 813 1975 ῶν
841 1911 921 1976 είδεν
948 1909 1077 1977 ἐνταῦθ’
1107 1910 1269 1996 αἰσθητῶν
1296 1911 1328 1976 ἐν
1358 1910 1470 1996 ἐκείνη
1490 1907 1518 1971 τό

301 2020 541 2107 παραδείγματα
563 2023 618 2086 καί
639 2019 693 2100 τάς
717 2021 800 2101 ἰδέας
822 2022 1029 2110 θεασάμενος,
1047 2021 1283 2110 ὑπερβάλλοντα
1304 2022 1429 2108 κάλλη,
1446 2021 1516 2108 μέθη

246 2145 281 2192 15
300 2132 443 2218 νηφαλίῳ
476 2134 689 2220 κατασχεθεὶς
725 2133 831 2219 ῶσπερ
865 2135 894 2199 οί
926 2135 1185 2222 κορυβαντιῶντες
1219 2135 1386 2222 ἐνθουσιᾷ,
1424 2133 1515 2218 ἑτέρου

301 2245 461 2330 γεμισθείς
484 2245 589 2331 ίμέρου
604 2248 660 2310 καί
680 2245 784 2311 πόθου
809 2246 972 2333 βελτίονος,
994 2240 1048 2332 ἀφ’
1067 2237 1103 2312 οὗ
1125 2247 1202 2332 πρός
1224 2246 1281 2332 τῆν
1304 2245 1410 2332 ἄκραν
1434 2240 1517 2328 ἁψῖδα

302 2357 546 2442 παραπεμφθείς
568 2360 628 2422 τῶν
650 2358 769 2443 νοητῶν
792 2351 843 2422 ἐπ’
861 2356 954 2424 αὐτόν
976 2357 1051 2424 ἰέναι
1073 2359 1164 2424 δοκεῖ
1182 2358 1234 2424 τὸν
1256 2358 1353 2445 μέγαν
1379 2355 1514 2445 βασιλέα·

302 2466 490 2553 γλιχομένου
531 2466 562 2532 δ’
606 2469 694 2552 ίδεῖν,
733 2470 823 2535 θείου
863 2472 965 2555 φωτός
1010 2471 1142 2557 ἀκρατοι
1179 2472 1234 2536 καί
1274 2468 1396 2557 ἀμιγεῖς
1437 2461 1517 2552 αὐγαὶ

392 2676 588 2743 1έξεικονίσθη
606 2673 665 2728 BD
717 2672 834 2740 ἀαάτός
853 2693 906 2730 om.
926 2676 963 2731 M
1012 2672 1143 2747 5πάνθ’]
1162 2677 1196 2730 τά
1214 2675 1301 2729 πάντα
1314 2673 1346 2741 V,
1365 2669 1514 2732 ἀπανταΜ,

303 2760 390 2814 πάντα
401 2759 479 2815 ceteri
549 2763 625 2814 6καί
637 2766 701 2815 ante
714 2765 819 2829 τέχναις
832 2779 885 2816 om.
899 2761 937 2816 M
1003 2765 1175 2830 πολυσχεδείς
1189 2761 1278 2817 VMF
1346 2767 1513 2830 διατέμνωνα

339 2849 354 2901 7
373 2847 514 2915 θαλάσσης
526 2846 564 2901 Μ
630 2849 647 2902 8
663 2853 711 2901 καί
728 2849 807 2902 πάλιν
819 2867 872 2904 om.
884 2849 915 2903 D
984 2849 1093 2920 πτηνὸς]
1111 2849 1211 2918 ῆτινος
1223 2848 1253 2902 D
1322 2851 1339 2902 9
1357 2864 1515 2902 κατασκευα-

303 2934 417 3003 σάμενος
443 2933 473 2988 F
563 2936 597 2989 10
623 2931 773 3006 οάρανίους]
801 2930 914 3004 οόρανοῦ
939 2935 975 3000 V,
1001 2937 1048 2990 τοῦ
1076 2932 1191 3004 οόρανοῶ
1218 2935 1256 2990 Μ
1354 2954 1385 2990 τε
1419 2953 1470 2990 0111.
1495 2931 1516 2985 F

337 3026 455 3089 χορείαις
470 3020 600 3077 VMFa:
617 3026 727 3089 χορείας
745 3028 765 3079 b
836 3026 1093 3091 συμπεριπλανηθείς
1106 3022 1143 3076 Μ
1194 3024 1224 3076 11
1245 3023 1411 3091 μουσικῆς
1426 3018 1503 3077 VMF
1510 3039 1514 3070 :

304 3111 352 3177 τῆς
365 3112 494 3176 μουσικῆς
505 3114 558 3165 ab
611 3112 744 3174 τελείας
761 3108 787 3164 V
802 3110 883 3178 (coni.
902 3111 1068 3180 Markland):
1086 3113 1204 3174 τελείους
1216 3109 1293 3164 ceteri
1314 3127 1339 3164 ν.
1353 3126 1416 3179 sup.
1431 3127 1456 3178 p.
1470 3107 1512 3168 18‚1

341 3196 373 3248 13
393 3198 508 3260 ἐφίενται
524 3193 556 3248 D
643 3199 710 3248 είδεν
729 3193 851 3267 ἐνταῦθ’]
870 3202 924 3250 εῐδε
941 3199 1027 3249 ταῦτα
1046 3197 1083 3251 Μ
1152 3197 1185 3250 14
1206 3194 1323 3264 κάληέῘ
1399 3198 1433 3250 15
1451 3210 1514 3260 κορυ-

306 3284 447 3349 βαριῶντες
463 3278 492 3333 Β
568 3285 659 3350 ἐτέρου
679 3285 709 3334 δέ
725 3285 859 3349 γεμισθείς
878 3282 915 3336 Μ
983 3285 1015 3337 17
1034 3286 1243 3352 παραπεμφθείη
1262 3282 1299 3336 Μ
1368 3285 1403 3338 18
1425 3286 1513 3351 γλειχο-

306 3373 385 3437 μένου
403 3367 430 3423 V
496 3368 652 3436 γλιχόμενον
665 3371 695 3421 δέ
707 3372 800 3422 τοῦτον
813 3373 874 3422 ίδείν
887 3369 925 3423 M
992 3370 1086 3440 θείου]
1106 3365 1209 3438 ἀθρόου
1225 3369 1255 3438 V,
1270 3365 1374 3437 ἀθρόου
1389 3362 1515 3440 μῆπωςθί

392 3535 489 3603 8sqq.
515 3535 549 3587 de
572 3535 713 3588 monarch.
735 3535 761 3588 ΙΙ
785 3535 836 3588 117
861 3530 938 3587 οὐδέν
959 3534 1012 3602 γάρ
1041 3533 1146 3602 ἄμεινον
1174 3537 1222 3586 τοῦ
1249 3537 1337 3603 ζητεῖν
1365 3536 1411 3588 τόν
1437 3530 1512 3599 ἀληθῆ

306 3619 382 3675 θεόν·
402 3660 409 3674 .
428 3661 434 3674 .
454 3659 460 3673 .
480 3661 486 3674 .
506 3620 637 3688 μάρτυρες
659 3623 689 3672 δέ
708 3625 732 3672 οἱ
755 3615 790 3688 μῆ
815 3623 928 3686 χείλεσιν
956 3619 1051 3688 ἀκροις
1073 3619 1232 3689 γευσάμενοι
1258 3623 1431 3688 φιλοσοφίας,
1458 3615 1513 3673 ἀλλά

306 3711 358 3761 τῶν
375 3705 462 3774 λόγων
479 3712 527 3760 καί
544 3707 683 3774 δογμάτων
707 3703 791 3775 αὐτῆς
814 3711 856 3759 έπί
874 3710 954 3759 πλέον
978 3711 1156 3772 ἑστιαθέντες·
1180 3706 1279 3760 τούτων
1297 3709 1349 3776 γάρ
1369 3707 1384 3762 ό
1404 3706 1512 3776 λογισμός

307 3791 359 3848 ἀπό
387 3796 436 3862 τῆς
462 3797 513 3863 γῆς
539 3793 595 3847 ἀνω
622 3798 755 3861 μετέωρος
781 3790 876 3861 ἀρθείς
899 3797 1071 3862 αἰθεροβατεί
1091 3800 1139 3848 καί
1161 3797 1361 3862 συμπεριπολῶν
1389 3795 1455 3864 ῆλίῳ
1478 3794 1513 3844 καί

307 3881 404 3954 σελῆνη
429 3884 477 3934 καί
498 3884 534 3948 τῷ
557 3881 685 3947 σύμπαντι
709 3877 812 3949 οὐρανῷ
834 3882 868 3934 τά
892 3885 950 3934 έκεί
965 3882 1051 3935 πάντα
1069 3882 1226 3950 γλιχόμενος
1250 3886 1311 3934 ἰδείν
1335 3877 1511 3949 ἀμυδροτέρου

306 3971 404 4040 χρῆται
428 3975 486 4033 ταῖς
508 3972 669 4036 προσβολαῖς
693 3965 813 4037 ἀκράτου
836 3973 884 4022 καί
907 3971 1009 4022 πολλοῦ
1033 3974 1149 4037 φέγγους
1172 3972 1343 4037 ἐκχεομένου,
1366 3967 1405 4034 ῶς
1427 3970 1456 4021 τὸ
1477 3968 1512 4030 τῆς

307 4059 396 4126 ψυχῆς
418 4053 492 4124 ὄμμα
515 4057 679 4109 σκοτοδινιᾶν
702 4063 760 4120 ταῖς
784 4063 983 4122 μαρμαρυγαῖς.
1022 4057 1056 4109 de
1075 4061 1201 4125 septenn.
1220 4055 1245 4108 II
1264 4056 1315 4109 779
1335 4049 1513 4124 (Tischendorf

308 4144 417 4198 Philon.
438 4143 479 4207 17,
500 4142 541 4211 13)
565 4145 664 4210 θεωροί
686 4143 734 4211 τῆς
757 4143 861 4209 φόσεως
882 4147 930 4195 καί
952 4145 1004 4195 τῶν
1028 4147 1055 4195 έν
1079 4139 1146 4209 αὐτῆ
1165 4142 1268 4195 πάντων
1287 4141 1397 4208 ἄριστοι,
1416 4140 1512 4210 γῆνκαὶ

308 4231 446 4286 θάλατταν
463 4235 510 4284 καί
528 4225 597 4297 ἀέρα
615 4233 662 4282 καί
681 4225 794 4296 οὐρανόν
811 4234 859 4282 καί
876 4231 924 4293 τὰς
943 4233 971 4282 ἐν
989 4225 1079 4293 αότοίς
1098 4229 1188 4296 φάσεις
1207 4229 1413 4296 διερευνώμενοι,
1432 4225 1509 4293 σελήνη

308 4321 355 4372 καί
377 4313 444 4388 ῆλίιμ
466 4321 513 4372 καί
540 4319 573 4385 τῆ
595 4321 690 4386 χορεία
714 4319 764 4370 τῶν
787 4315 877 4370 ἄλλων
899 4313 1018 4384 ἀστέρων
1041 4317 1181 4384 πλανήτων
1204 4334 1234 4368 τε
1258 4319 1305 4368 καί
1328 4311 1453 4369 ἀπλανῶν
1468 4319 1510 4371 ταῖς

309 4407 435 4470 διανοίαις
453 4405 716 4472 συμπεριπολοῶντες,
735 4405 769 4457 τά
789 4407 835 4470 μέν
853 4403 964 4471 σώματα
981 4404 1057 4457 κάτω
1075 4404 1142 4470 πρὸς
1159 4407 1256 4470 χέρσον
1273 4405 1414 4469 ἱδρυμένοι,
1433 4401 1475 4464 τάς
1489 4399 1508 4449 δὲ

309 4491 396 4560 ψυχάς
411 4487 576 4558 ὑποπτέρους
590 4489 846 4556 κατασκευάζοντες,
861 4490 933 4555 ὅπως
946 4493 1182 4556 αἰθεροβατοῦντες
1194 4489 1243 4552 τὰς
1254 4491 1313 4541 ἐκεῖ
1323 4487 1445 4555 δυνάμεις
1456 4501 1509 4551 περι-

310 4579 434 4646 αθρῶσιν.
490 4579 521 4632 17)
534 4593 595 4646 sqq.
610 4577 671 4648 quis
684 4594 734 4632 νον.
750 4577 802 4632 div.
816 4578 873 4632 her.
887 4578 962 4632 1482
979 4577 1066 4640 πόθος
1084 4575 1130 4628 οὖν
1146 4581 1169 4628 εί
1181 4593 1218 4639 τις
1236 4579 1382 4642 εἰσέρχεταί
1395 4593 1433 4642 σε,
1448 4568 1508 4642 ψυχά.

311 4661 360 4716 τῶν
383 4665 461 4718 θείων
485 4657 595 4732 ἀγαθῶν
618 4663 827 4734 κληρονομῆσαι,
851 4664 886 4732 μῆ
912 4663 990 4730 μόνον
1012 4662 1063 4731 γῆν
1086 4663 1115 4714 τό
1141 4664 1217 4728 σῶμα
1238 4665 1286 4715 καί
1303 4664 1453 4729 συγγένειαν
1468 4662 1507 4711 αίι·
