3142 5238
1152 377 1287 442 XXXIX

146 545 414 645 33‚10oodicum
438 568 605 650 scriptura
619 567 712 632 vario
735 567 837 632 modo
861 571 1019 648 corrupta
1042 571 1109 631 est:
1131 558 1153 649 ή
1177 565 1213 629 δέ
1232 564 1288 648 τῆς

42 676 237 762 ἑβδομάδος
261 676 394 763 ἀριθμός
413 677 446 760 V,
469 671 491 763 ή
514 679 550 742 δέ
571 680 626 763 τῆς
649 677 824 764 ἑβδομάδος
847 675 936 755 ἐκτός
959 674 1093 762 άριθμός
1115 679 1183 758 ab,
1205 669 1228 759 ή
1251 676 1287 750 δέ

6 797 14 856 2
41 786 156 864 ἑπτοὶς
171 787 304 874 ἕβδομος
320 786 453 873 ἀριθμός
467 787 519 851 Μ.
536 808 597 871 pro
615 785 789 873 ἑβδομάδος
805 788 1041 870 corrigendum
1057 807 1133 852 esse
1153 785 1288 862 δεκάδος

41 899 227 964 intellexit
248 899 388 982 Mangey
416 899 511 982 eique
535 899 729 980 adstipulati
751 900 892 965 Richter
921 904 954 964 et
976 899 1113 964 Mueller
1142 898 1287 979 scripse-

43 1014 139 1074 runt
162 1006 184 1093 ή
209 1010 244 1073 δὲ
258 1009 314 1094 ιής
337 1009 471 1087 δεκάδος
489 1007 579 1088 ἐκτός
595 1008 744 1096 ἀριθμός.
769 1001 961 1093 υήυίιλειιιή
985 1004 1014 1072 δ’
1031 1009 1120 1084 ἐκτὸς
1142 1006 1288 1090 δεκάδος,

45 1119 197 1205 ἀριθμός
213 1122 300 1201 dedi,
323 1121 409 1187 sicut
431 1127 532 1187 antea
548 1123 710 1203 scriptum
727 1114 814 1206 εεέή
839 1123 894 1207 μέν
917 1120 1000 1197 ἐντός
1016 1117 1163 1196 δεκάδος.
1186 1138 1286 1183 voca-

43 1233 178 1296 bulum
202 1229 336 1317 ἀριθμός
362 1252 423 1315 pro
448 1233 661 1315 appositione
685 1233 919 1315 accipiendum
943 1236 1009 1296 est:
1034 1230 1155 1295 similis
1179 1234 1287 1294 struc-

43 1347 139 1407 tura
164 1343 284 1425 legitur
308 1343 349 1407 de
373 1348 501 1425 septen.
524 1345 619 1422 lana
649 1343 858 1426 (Tischend.)
888 1344 952 1406 ἔστι
976 1343 1010 1406 δέ
1032 1339 1182 1426 νουμηνία
1203 1337 1287 1402 κατά

43 1451 207 1536 σελήνην,
229 1452 342 1537 χρόνος
365 1451 382 1516 ό
405 1449 467 1517 άπὸ
490 1451 621 1518 συνόδου
644 1453 695 1518 ἐπὶ
716 1451 854 1535 σύνοδον,
878 1451 910 1518 ὃν
933 1452 1001 1517 κτλ.

146 1581 221 1659 34,9
244 1573 295 1665 ἐφ’
320 1573 413 1644 αὐτόν
436 1583 568 1647 correxi
589 1601 651 1663 pro
676 1579 726 1645 ἐπ’
751 1579 852 1646 αὐτόν.
875 1583 1032 1663 proximo
1055 1601 1155 1645 versu
1178 1579 1285 1643 codex

46 1690 103 1754 M
119 1695 213 1756 recte
236 1691 339 1757 tradit
362 1689 413 1775 ἐφ’
437 1684 538 1757 αὑτόν.

147 1819 242 1896 3423
265 1819 439 1901 legebatur
453 1815 579 1904 ζυγώδή
599 1817 714 1902 τρόπον
729 1816 795 1883 τινὰ
810 1820 988 1884 συνεστῶσα
1010 1817 1154 1904 έβδομάς.
1178 1820 1287 1883 Mark-

43 1930 140 1994 land
165 1930 214 2012 (in
236 1930 327 1995 notis
350 1949 451 1994 mser.
475 1931 517 1995 ad
541 1930 619 1994 edit.
636 1929 799 2014 Turnehi)
823 1931 998 2012 temptavit
1019 1930 1172 2014 ζυγώδης,
1196 1930 1287 2012 quod

44 2039 261 2104 vocabulum
284 2040 363 2104 alibi
379 2060 546 2123 nusquam
562 2041 742 2122 reperitur.
768 2041 828 2105 sed
844 2060 919 2106 curn
943 2042 978 2105 in
994 2042 1109 2105 codice
1123 2040 1168 2104 M
1175 2037 1287 2124 ζυγάδι

45 2155 236 2215 exaratum
260 2151 313 2227 sit,
336 2148 507 2235 ζυγάδήν
528 2151 708 2216 Philonem
731 2152 910 2234 scripsisse
933 2153 1000 2216 iarn
1023 2153 1148 2216 dudum
1172 2151 1286 2215 conie-

46 2281 184 2340 ceram,
218 2281 326 2344 nuper
351 2281 432 2326 vero
466 2263 554 2326 hanc
584 2263 812 2328 coniecturam
845 2283 866 2326 a
893 2264 1017 2327 Ioanne
1039 2263 1130 2344 Lydo
1165 2262 1285 2326 confir-

43 2377 187 2436 matam
215 2372 339 2451 inveni,
369 2373 426 2454 qui
454 2372 490 2436 in
513 2374 680 2454 excerptis
703 2373 887 2452 Philonem,
917 2373 1068 2456 quamvis
1099 2374 1134 2437 in
1164 2373 1285 2437 ceteris

46 2487 238 2566 corruptus
263 2483 317 2562 sit,
339 2481 479 2567 ζυγάδην
501 2486 592 2548 recte
614 2484 716 2548 tradit
740 2483 781 2568 (r.
807 2505 908 2566 supra
935 2507 967 2566 p.
990 2484 1102 2568 XXV).
1146 2481 1286 2568 ζυγάδην

47 2595 184 2676 legitur
206 2594 309 2660 etiarn
338 2594 489 2676 depost.
515 2595 612 2659 Caini
634 2596 647 2659 l
669 2597 742 2674 237,
772 2596 813 2660 de
835 2616 961 2678 praem.
986 2599 1018 2660 et
1041 2615 1139 2677 poen.
1162 2596 1284 2659 11411.

144 2723 285 2799 41‚7.8.9
307 2719 388 2784 καθ’
413 2719 447 2786 όν
474 2727 526 2787 ter
549 2723 708 2806 deinceps
733 2725 864 2789 correxi
885 2745 948 2806 pro
971 2718 1053 2788 καθ’
1076 2721 1124 2807 ήν,
1155 2724 1184 2788 si
1213 2723 1285 2805 qui-

47 2833 135 2896 dem
159 2851 351 2913 pronomen
375 2832 551 2897 relativum
572 2835 698 2915 pendet
721 2835 762 2898 de
785 2835 948 2899 vocabulo
970 2832 1065 2920 λόγῳ.

142 2959 239 3036 lala
262 2960 435 3041 legebatur
464 2958 588 3043 έπταχή
612 2959 762 3044 σχίζεται,
790 2961 866 3044 πρὸς
887 2961 979 3026 πέντε
1009 2959 1172 3044 αἰσθήσεις
1199 2959 1282 3023 κτλε

44 3069 190 3134 restitui
225 3069 280 3145 εἰς
307 3068 399 3134 πέντε
427 3068 604 3152 αἰσθήσεις.
639 3071 704 3134 hoo
732 3072 807 3136 loco
842 3073 908 3136 iarn
936 3073 1046 3154 Lydus
1082 3072 1283 3152 scripturam

45 3183 251 3260 corruptam
273 3179 354 3261 legit
377 3181 418 3260 (ν.
444 3200 546 3262 supra
566 3201 599 3262 p.
622 3181 734 3262 XXV).

143 3307 215 3384 46,1
253 3305 373 3392 ἑβδόμη
409 3307 551 3388 inserui,
591 3309 681 3390 quod
716 3309 903 3374 sententiae
939 3329 1069 3373 conexu
1103 3309 1282 3374 manifesto

44 3418 258 3500 postulatur.

142 3544 291 3629 aalma
320 3546 398 3610 libri
426 3565 529 3610 manu
562 3546 678 3627 scripti
701 3546 735 3610 in
765 3546 848 3610 duas
879 3546 1048 3629 (veltres)
1076 3551 1189 3629 partes
1214 3547 1284 3610 dis·

51 3657 202 3721 cedunt:
231 3657 287 3718 καὶ
303 3653 364 3740 γάρ
383 3655 410 3720 εἰ
422 3654 465 3740 μή
478 3653 561 3718 κατὰ
574 3655 666 3740 μέρος
679 3653 785 3739 ἀθρόοι
797 3654 897 3720 πάντα
909 3653 1112 3741 διεξελήλυθε
1125 3655 1170 3719 Μ
1169 3677 1206 3738 a,
1230 3659 1284 3719 καὶ

45 3765 114 3851 γάρ
137 3765 164 3829 εἰ
183 3765 254 3850 (μή)
272 3764 312 3829 τά
329 3763 413 3829 κατὰ
431 3765 524 3851 μέρος
537 3761 643 3848 άθρόα
654 3764 756 3829 πάντα
768 3765 972 3850 διεξελήλυθε
984 3771 1016 3832 b.
1047 3771 1166 3833 neutra
1182 3767 1283 3831 lectio

46 3877 137 3942 ferri
164 3880 289 3957 potest.
320 3876 473 3941 codicum
497 3874 569 3942 Ma
597 3877 830 3940 auctoritatem
860 3880 994 3942 secutus
1030 3883 1062 3942 et
1090 3897 1172 3942 voce
1201 3875 1290 3940 ἀλλά

46 3990 186 4052 inserta
220 3986 342 4068 scripsi
375 3988 430 4049 καὶ
462 3985 523 4070 γὰρ
554 3986 581 4048 εἰ
614 3984 657 4070 μή
686 3984 770 4049 κατὰ
804 3985 897 4070 μέρος
925 3980 1007 4051 ἀλλ’
1042 3981 1148 4072 ἀθρόα
1180 3985 1282 4051 πάντα

48 4094 276 4179 διεξελήλυθε.
306 4096 347 4162 cf.
380 4097 473 4174 1210
501 4098 564 4162 νυνὶ
587 4097 641 4182 μέν
669 4094 786 4180 γὰρέν
816 4096 901 4181 μέρει
928 4097 1043 4181 γίνεται
1070 4095 1109 4160 τά
1137 4096 1281 4180 γινόμενοι

47 4205 180 4293 χρόνοις
202 4205 408 4290 διαφέρουσιν,
432 4199 504 4270 ἀλλ’
522 4205 581 4270 οὐκ
603 4204 710 4289 ἀθρόα
732 4212 832 4291 καιρῷ
856 4205 912 4271 ἑνί.
938 4207 1092 4272 similiter
1107 4208 1281 4271 Markland

48 4320 102 4400 (in
134 4316 225 4382 notis
255 4336 356 4382 mser.
386 4317 429 4380 ad
452 4317 530 4382 edit.
553 4319 676 4401 Mang.)
701 4319 845 4383 coniecit
867 4316 973 4400 ἀθρόα
996 4319 1037 4380 δέ
1065 4315 1165 4382 πάντα
1188 4317 1281 4396 διεξε-

47 4426 190 4511 λήλυθε.

140 4546 212 4624 51,1
244 4541 345 4630 ὃγοὶρ
373 4542 571 4630 ἐνεφύσησεν,
595 4544 684 4612 οὐδέν
706 4545 745 4631 ήν
768 4549 872 4632 ἕτερον
895 4547 1026 4612 correxi
1053 4568 1116 4629 pro
1145 4549 1280 4630 vulgata

48 4656 85 4722 τὸ
109 4655 174 4741 γάρ
196 4655 264 4720 κτλ.
