3092 5236
599 385 639 447 59

13 595 90 680 φυτά
112 589 205 661 πάντ’
223 595 298 660 είναι
319 593 510 682 συμβέβηκε,
525 593 646 680 καρπὸν
667 595 801 681 φέροντα
821 593 877 673 τάς
898 588 1010 681 ἀρετάς
1030 595 1084 657 καί
1097 589 1224 676 προσέτι

13 708 63 791 τῆν
91 699 290 792 ἀδιάφθορον
316 704 434 774 σύνεσιν
462 708 517 772 καί
545 705 720 794 ἀγχίνοιαν,
745 706 767 794 ῆ
795 707 975 794 γνωρίζεται
1001 704 1042 771 τά
1062 703 1148 769 καλά
1170 704 1223 767 καί

13 819 47 884 τά
74 817 210 904 αἰσχρά,
237 817 321 904 ζωῆν
348 817 377 884 τ’
407 818 519 886 ἄνοσον
544 821 599 885 καὶ
626 813 807 906 ἀφθαρσίαν
834 822 889 885 καί
915 819 976 884 πᾶν
1004 819 1033 882 εί
1055 839 1083 882 τι
1107 813 1224 892 τούτοις

14 929 232 1016 ὁμοιότροπον.
261 931 358 996 ταύτα
395 930 430 996 δέ
465 953 516 1018 μοι
553 933 643 997 δοκεῖ
675 932 869 1020 συμβολικῶς
905 930 1023 1018 μᾶλλον
1055 927 1076 1014 ῆ
1112 926 1225 1011 κυρίως

13 1041 266 1128 φιλοσοφεῖσθαι·
293 1041 406 1127 δένδρα
432 1043 494 1129 γάρ
523 1044 573 1109 ἐπὶ
599 1049 658 1130 γῆς
680 1044 751 1109 οὐτε
772 1042 891 1129 πέφηνέ
911 1064 961 1108 πω
983 1039 1133 1126 πρότερον
1155 1036 1222 1103 οὐτ’
1266 1051 1280 1095 5

15 1153 101 1232 αὐθις
130 1153 216 1232 εἰκός
243 1154 409 1238 φανεῖσθαι
436 1154 519 1240 ζωῆς
545 1154 567 1240 ῆ
590 1154 752 1234 συνέσεως·
783 1151 854 1221 ἀλλ’
881 1147 922 1233 ὡς
943 1155 1044 1219 ἔοικεν
1066 1151 1226 1218 αἰνίττεται

15 1265 61 1332 διά
83 1269 140 1353 μέν
162 1267 218 1332 τοῦ
239 1249 431 1352 παραδείσου
453 1265 488 1332 τὸ
509 1268 564 1354 τῆς
591 1268 696 1354 ψυχῆς
723 1265 918 1354 ῆγεμονικὸν,
947 1265 1023 1351 ὁπερ
1045 1266 1110 1329 ἐστί
1129 1260 1224 1328 κατά-

16 1378 113 1443 πλεων
136 1379 189 1444 οία
211 1384 314 1464 φυτῶν
336 1378 449 1465 μυρίων
472 1377 552 1446 ὅσων
575 1379 680 1463 δοξῶν,
704 1377 755 1444 διά
776 1381 812 1445 δέ
833 1379 887 1444 τοῦ
916 1377 1042 1463 δένδρου
1067 1382 1123 1461 τῆς
1143 1374 1227 1460 ζωῆς

19 1489 68 1574 τὴν
90 1490 241 1577 μεγίστην
262 1491 323 1556 τῶν
349 1489 467 1576 ἀρετῶν
488 1490 681 1578 θεοσέβειαν,
708 1490 750 1556 δι’
779 1491 817 1577 ῆς
843 1489 1064 1568 άθανατίζεται
1084 1482 1105 1574 ῆ
1129 1484 1226 1572 ψυχή,

19 1601 64 1664 διά
90 1603 126 1667 δέ
155 1603 211 1668 τοῦ
237 1603 344 1669 καλῶν
370 1605 425 1668 καὶ
452 1610 595 1690 πονηρῶν
620 1605 790 1691 γνωστικού
819 1601 965 1690 φρόνησιν
992 1602 1049 1687 τῆν
1075 1599 1183 1688 μέσην,
1204 1597 1226 1684 ῆ
1248 1609 1283 1655 ¹⁰

22 1713 203 1799 διακρίνεται
224 1707 368 1781 τάναντία
390 1713 488 1800 φύσει.

99 1842 157 1910 55.
193 1842 330 1930 Θέμενος
351 1845 386 1908 δέ
408 1843 533 1924 τούτους
554 1843 624 1924 τούς
646 1845 736 1931 ὁρους
752 1846 784 1912 έν
798 1845 886 1932 ψυχῆ
908 1842 1058 1928 καθάπερ
1080 1840 1229 1928 δικαστης

23 1954 153 2040 ἐσκόπει,
177 1955 255 2041 πρὸς
277 1954 406 2042 πότερον
429 1957 590 2036 έπικλινῶς
611 1957 686 2037 έξει.
715 1956 757 2036 ιύς
778 1951 809 2022 δ’
834 1958 899 2022 είδε
926 1955 1080 2042 ῥέπουσαν
1102 1957 1157 2040 μὲν
1179 1953 1229 2018 ἐπί

23 2067 216 2154 πανουργίαν,
240 2067 399 2156 εὐσεβείας
421 2071 455 2134 δέ
477 2071 532 2134 καί
554 2067 712 2155 ὁσιότητος
738 2069 958 2156 ὀλιγωροῦσαν,
986 2067 1018 2147 ἐξ
1040 2065 1082 2133 ύν
1103 2065 1124 2152 ῆ
1147 2059 1229 2131 ἀθά-

25 2201 107 2256 νατος
127 2179 196 2265 ζωῆ
218 2181 420 2266 περιγίνεται,
449 2175 644 2269 προύβάλετο
673 2183 755 2248 κατά
783 2181 818 2248 τὸ
842 2180 923 2260 είκὸς
945 2183 999 2246 καὶ
1022 2177 1229 2265 ἐφυγάδευσεν
1251 2187 1286 2234 15

25 2290 58 2354 ἐκ
77 2292 130 2356 τού
152 2291 356 2377 παραδείσου,
379 2291 453 2379 μηδ’
478 2293 589 2358 ἐλπίδα
610 2294 666 2379 τῆς
688 2294 827 2372 εἰσαῦθις
850 2291 1002 2360 ἐπανόδου
1026 2291 1154 2356 δυσίατα
1175 2293 1230 2354 καί

27 2399 221 2487 ἀθεράπευτα
242 2403 470 2492 πλημμελούση
494 2407 583 2492 ψυχῆ
604 2406 788 2494 παρασχών,
817 2408 885 2472 ἐπεί
912 2408 967 2471 καί
987 2398 1009 2491 ῆ
1031 2410 1087 2489 τῆς
1109 2401 1231 2487 ἀπάτης

28 2513 171 2599 πρόφασις
201 2515 370 2602 ἐπίληπτος
396 2515 435 2602 ῆν
463 2511 499 2581 οὐ
528 2518 670 2605 μετρίως,
699 2516 739 2603 ῆν
766 2513 825 2584 οὐκ
858 2517 941 2597 ἀξιον
972 2515 1230 2602 παρασιωπῆσαι.

28 2625 140 2711 λέγεται
161 2628 198 2693 τὸ
220 2627 353 2696 παλαιόν
374 2628 409 2694 τὸ
432 2628 554 2716 ἰοβόλον
580 2632 635 2695 καί
656 2633 787 2717 γηγενὲς
815 2630 943 2716 έρπετὸν
968 2629 1036 2713 ὄφις
1063 2621 1231 2713 ἀνθρώπου

29 2736 122 2824 ρωνῆν
154 2739 339 2824 προίεσθαι,
378 2740 433 2804 καί
471 2762 546 2806 ποτε
584 2740 770 2826 προσελθών
807 2741 846 2827 τῆ
875 2742 929 2806 τοῦ
962 2739 1086 2825 πρώτου
1122 2737 1232 2823 φύντος
1251 2744 1288 2792 ²⁰

31 2844 127 2934 ἀνδρὸς
141 2853 269 2938 γυναικί
282 2851 337 2936 τῆς
354 2852 544 2938 βραδυτῆτος
557 2855 612 2918 καί
626 2853 682 2939 τῆς
697 2852 778 2939 ἀγαν
800 2846 964 2939 εὐλαβείας
985 2850 1138 2934 ὀνειδίσαι,
1157 2847 1232 2914 διότι
1309 2869 1312 2875 ·

107 3094 120 3145 1
148 3093 235 3160 φυτά
261 3091 341 3147 ME:
363 3094 398 3146 τά
424 3094 493 3160 φυτά
520 3095 598 3148 σείωνΙ
683 3095 700 3147 θ
723 3089 890 3161 ἀδιάφθορον
908 3097 949 3148 b:
972 3087 1117 3158 ἀδιάφορον
1140 3089 1232 3158 ABD,

34 3178 146 3246 διάφορον
164 3177 226 3234 Mo
298 3176 626 3249 καίάγχίνοιοινυιῃ.Μ
696 3176 734 3234 τά
752 3181 840 3234 καλά
858 3180 971 3233 καίτοὶ
990 3178 1110 3245 αἰσχρά
1128 3177 1233 3232 Μετὰ

35 3267 117 3332 αἰσχρά
134 3272 182 3321 καί
199 3261 274 3320 καλά
291 3266 369 3321 veleri
439 3269 544 3337 3ζωῆν
562 3268 648 3322 ἄνεσιν
667 3269 727 3339 (sic)
746 3266 784 3322 M
849 3266 951 3330 τούτοις
969 3264 1077 3322 ΜΕωι
1095 3265 1232 3320 τούτωνὺ

62 3354 140 3424 ὁπω]
158 3370 211 3406 που
230 3352 267 3406 Μ
344 3355 463 3424 θείκὸς]
482 3360 556 3419 οἶκος
573 3354 604 3410 D
686 3356 719 3409 10
735 3356 782 3407 τού
800 3357 851 3407 τῶν
868 3356 959 3407 καλῶν
977 3371 1001 3410 a
1080 3353 1127 3406 τού
1148 3352 1233 3424 καλὸν

35 3441 73 3489 καί
88 3442 200 3509 πονηρόν
218 3439 350 3507 ὁριστικού
370 3440 407 3495 Μ
471 3441 501 3511 ἦ]
518 3441 536 3509 ῆ
555 3442 582 3494 Α
653 3437 1021 3510 1θΘέμενος]θειύμενοςΙ
1087 3439 1127 3509 δέ]
1147 3438 1193 3491 οὐν
1211 3455 1234 3494 a

63 3525 195 3591 τούτους
213 3527 291 3591 τούς
308 3526 407 3595 ὅρους
425 3527 501 3581 ΜΕι
519 3528 582 3593 τούς
600 3527 680 3594 ὅρους
697 3527 807 3592 τούτους
823 3524 902 3580 celeri
972 3527 1004 3579 13
1022 3529 1075 3578 ἐπί
1097 3524 1149 3579 M:
1168 3525 1234 3593 πρὸς

36 3611 101 3664 σείοντ’
180 3614 214 3666 14
237 3609 409 3681 εὐσεβείας
432 3617 467 3667 δὲ
489 3618 546 3667 καί
568 3612 743 3682 ὁσιότητος
761 3613 813 3667 M:
832 3610 969 3681 ὁσιότητος
987 3615 1018 3666 δέ
1034 3615 1082 3665 καί
1100 3608 1234 3678 εὐσεβείας

37 3697 101 3751 celeri
128 3701 161 3755 cf.
176 3717 203 3769 p.
215 3701 294 3763 6712
359 3702 391 3755 15
409 3699 684 3770 περιγίνεταιΜι
703 3704 844 3768 ἐπιγίνεται
865 3698 943 3753 ceteri
1012 3693 1176 3766 προύβάλετο
1194 3703 1233 3754 b:

38 3781 304 3850 προύβάλλετοΜΕα
359 3788 611 3856 κατάείκὸςίίίαωη.
666 3788 698 3840 16
707 3786 837 3840 ἐπανόδου
850 3785 944 3840 om.D
998 3787 1030 3839 17
1043 3784 1233 3854 πλημμελούση

40 3885 83 3924 om.
98 3871 126 3925 F
174 3875 265 3942 ἐπειδῆ
279 3872 316 3927 Μ
367 3875 398 3928 19
417 3877 448 3927 δέ
458 3879 523 3943 post
533 3877 641 3942 λέγεται
653 3872 752 3928 add.B
804 3871 934 3939 ὁὸφιςΜ
983 3874 1019 3926 lo
1035 3875 1191 3939 προσελθεῖν
1207 3869 1238 3924 Ε

113 4102 210 4168 6Leg.
230 4100 312 4168 alleg.
330 4101 394 4154 193
418 4103 462 4165 ,,έν
485 4105 564 4168 μέσῳ,
587 4105 657 4169 φησί,
679 4101 727 4152 τού
751 4099 830 4162 ξύλου
848 4101 895 4152 τού
914 4101 1100 4166 παραδείσουίί,
1118 4102 1235 4152 τουτέστι

42 4186 100 4237 κατιὶ
121 4191 197 4254 μέσον
218 4187 264 4239 τόν
287 4189 355 4253 νούν,
378 4186 408 4251 ὁς
430 4191 477 4240 καί
501 4181 580 4251 αὐτὸς
603 4191 683 4254 μέσος
705 4189 772 4238 ἐστίν
795 4183 890 4238 ὡσανεί
914 4189 1074 4252 παραδείσου
1098 4188 1146 4252 τῆς
1170 4184 1236 4252 ὁλης

44 4271 129 4340 ψυχῆς,
163 4275 197 4328 de
215 4274 301 4342 plant.
319 4274 331 4326 l
349 4273 400 4327 335
417 4276 525 4342 λέγουσι
535 4273 588 4342 γάρ
601 4277 628 4326 έν
645 4275 681 4340 τῷ
699 4276 850 4339 παραδείσῳ
869 4273 939 4338 φυτά
951 4277 1016 4324 είνοιι
1029 4275 1110 4340 μηδέν
1128 4270 1237 4324 ἐοικότα

47 4362 91 4419 τοῖς
106 4355 166 4426 παρ’
185 4358 255 4429 ῆμῖν,
274 4354 345 4413 ἀλλά
362 4363 441 4429 ζωῆς,
460 4356 616 4424 ἀθανασίας,
635 4359 768 4428 εἰδῆσεως,
785 4352 973 4426 καταλήψεως,
997 4362 1132 4424 συνέσεως,
1149 4359 1236 4410 καλού

46 4446 84 4493 καί
101 4445 212 4514 πονηροῦ
237 4450 392 4512 φαντασίας·
414 4448 499 4498 ταῦτα
521 4449 552 4499 δέ
572 4450 669 4514 χέρσου
694 4449 740 4513 μέν
763 4441 813 4499 οὐκ
837 4445 869 4499 ἀν
892 4448 942 4512 εἴη,
963 4447 1076 4514 λογικῆς
1099 4449 1129 4498 δέ
1149 4446 1237 4512 ψυχῆς

47 4521 181 4596 ἀναγκαίως
198 4531 276 4598 φυτά.
338 4533 356 4586 8
374 4533 485 4600 Quaest.
504 4533 532 4586 in
545 4533 610 4587 Gen.
623 4533 636 4586 1
649 4533 665 4600 ξ
680 4533 713 4586 10
730 4549 824 4586 verum
841 4535 934 4584 tamen
952 4531 1048 4598 optimi
1065 4531 1115 4584 viri
1132 4531 1238 4600 lignum

48 4613 107 4669 vilae
124 4619 247 4673 dixerunt
264 4619 293 4672 in
311 4619 423 4674 homine
442 4620 574 4689 optimam
591 4620 721 4673 virtutum
739 4619 877 4688 pietatem,
896 4635 952 4686 qua
969 4618 1031 4672 sola
1048 4619 1140 4686 potius
1157 4635 1237 4672 mens

49 4697 261 4762 immunditatem
278 4707 440 4776 assequitur.
