3142 5238
235 574 329 639 locos
365 571 492 638 similes
529 594 570 639 ex
602 574 884 659 philosophorum
913 577 1119 644 Graecorum
1152 576 1248 644 libris
1279 583 1455 662 excerptos

237 705 407 786 congessi3
436 724 502 786 qua
530 724 571 769 ex
595 706 794 771 collectione
823 708 897 772 luce
921 709 1042 774 elarius
1072 713 1213 791 apparet
1234 709 1412 774 Philonem
1435 729 1455 772 e

235 833 343 898 tribus
359 834 574 917 potissimum
597 836 746 900 fontibus
764 836 953 902 doctrinam
970 857 1065 903 snam
1087 839 1253 918 hausisse,
1270 858 1288 901 e
1302 838 1455 903 Platonis

236 963 386 1042 Timaeo,
416 985 433 1027 e
457 965 649 1030 Stoicorum
677 964 831 1030 doctrina
859 967 1050 1049 theologica
1077 972 1110 1032 et
1131 967 1262 1046 morali,
1292 987 1310 1031 e
1332 967 1455 1048 Pytha-

235 1112 413 1174 goreorum
447 1093 488 1156 de
516 1094 638 1180 virtute
672 1113 889 1159 numerorum
923 1096 1086 1160 doctrina.
1121 1096 1264 1179 denique
1299 1116 1342 1160 ne
1375 1097 1456 1178 quid

236 1223 355 1287 deesse
390 1222 560 1287 videretur
593 1223 834 1288 vocabulorum
868 1224 1072 1289 Graecorum
1109 1225 1179 1289 lata
1215 1224 1456 1303 scrutantibus

235 1350 380 1414 indicem
402 1352 583 1416 verborum
605 1352 876 1416 memorabilium
899 1351 1006 1417 adieci
1029 1353 1313 1435 copiosissimum.

321 1515 486 1579 Omnibus
515 1515 596 1580 viris
627 1515 745 1595 doctis,
781 1536 923 1599 quorum
955 1516 1156 1582 liberalitate
1185 1521 1218 1582 et
1247 1518 1456 1583 humanitate

236 1641 272 1706 in
300 1643 364 1707 hae
393 1643 539 1707 editione
566 1644 770 1726 perficienda
798 1645 931 1710 adiutus
961 1667 1045 1725 sum,
1080 1647 1190 1712 lacere
1219 1666 1288 1710 non
1316 1645 1457 1730 possum

153 1839 155 1844 ,
240 1773 322 1854 quin
343 1773 468 1854 gratias
485 1794 581 1854 agam
596 1774 771 1854 maximas,
795 1775 949 1856 inprimis
966 1776 1088 1839 Iacobo
1106 1775 1343 1856 Frendenthal
1362 1777 1456 1841 euius

237 1902 392 1966 doctrina
415 1901 571 1966 omnibus
595 1902 630 1966 in
651 1903 716 1967 hoe
740 1903 927 1968 studiorum
951 1924 1069 1985 campo
1084 1904 1298 1969 versantibus
1323 1905 1457 1988 cognita

237 2035 270 2095 et
302 2032 445 2113 probata
479 2052 612 2114 semper
645 2031 727 2096 mihi
760 2036 896 2114 praesto
931 2032 1002 2096 fuit.
1058 2032 1135 2097 Tibi
1168 2052 1259 2112 vero,
1293 2033 1456 2098 Guilelme

238 2138 459 2240 Studemund
483 2162 652 2244 quomodo
668 2181 729 2243 pro
755 2181 885 2226 summa
902 2161 1059 2226 comitate
1075 2165 1108 2225 et
1121 2161 1367 2242 benevolentia,
1391 2182 1457 2244 qua

237 2310 370 2371 semper
384 2311 438 2354 me
453 2294 653 2372 prosecutus
664 2311 716 2369 es
740 2290 864 2372 gratias
881 2309 977 2372 agam
1001 2309 1071 2353 non
1085 2289 1205 2354 habeo,
1229 2291 1318 2354 hune
1333 2291 1455 2354 librum

238 2419 502 2500 qualemcunque
517 2421 555 2481 ut
577 2417 733 2499 exiguum
748 2418 833 2499 grati
856 2418 960 2482 animi
976 2418 1041 2483 mei
1057 2419 1296 2483 documentum
1310 2419 1455 2502 henigne

236 2548 336 2612 velim
359 2547 506 2630 accipias
528 2547 677 2630 mihique
701 2547 812 2612 favere
834 2568 964 2630 pergas.
1009 2548 1100 2612 Vale.
1210 2533 1211 2536 ¹

300 2711 497 2777 Scribebam
503 2710 721 2776 Vratislaviae
735 2713 845 2776 d.VlII.
858 2731 902 2776 m.
910 2681 1082 2776 Februarii
1094 2731 1123 2775 a.
1135 2709 1452 2786 MDCGCLXXXIX.

238 4609 468 4664 EMENDANDA:
487 4625 514 4677 p.
524 4604 604 4672 XXV,
615 4608 647 4661 16
659 4605 819 4674 ἰσημερινός;
838 4604 956 4668 XXVIII,
966 4603 1000 4657 37
1013 4600 1090 4657 dele
1103 4604 1259 4670 quartam
1270 4576 1440 4668 virgulam
1448 4615 1454 4664 ;

471 4711 497 4764 p.
516 4693 596 4758 XXX,
614 4695 633 4748 4
651 4692 805 4760 diligentia;
824 4710 850 4760 p.
869 4689 1013 4756 XXXVIII,
1031 4689 1063 4743 al
1083 4690 1220 4756 leguntur.
