3092 5236
916 373 958 436 64

835 462 1037 472 .—-—-—·-

332 577 454 663 όνοῦς,
482 579 626 665 γυναικός
653 578 683 644 δ’
708 579 865 665 αἰσθησις·
894 573 993 666 ἡδονή
1026 581 1061 645 δέ
1086 579 1250 667 προτέραις
1279 578 1457 668 ἐντυγχάνει
1482 584 1522 645 καὶ

332 691 466 778 ἐνομιλεῖ
489 701 555 770 ταῖς
582 690 763 778 αἰσθήσεσι,
792 691 832 756 δι’
862 691 903 758 ῶν
930 695 985 757 καί
1017 693 1069 759 τόν
1096 685 1236 780 ἡγεμόνα
1264 699 1335 760 νοῦν
1368 693 1522 778 φενακίζει·

331 801 455 869 ἐπειδάν
487 802 548 889 γάρ
581 803 699 890 ἑκάστη
727 805 788 869 τῶν
816 803 995 890 αἰσθήσεων
1021 811 1084 883 τοῖς
1111 805 1246 891 φίλτροις
1274 803 1370 891 αὐτῆς
1396 799 1522 890 ὐπαχθή,

329 915 495 1000 χαίρουσαι
527 925 589 994 τοῖς
621 916 877 1002 προτεινομένοις,
912 917 962 981 ἐπὶ
993 916 1167 1003 χρωμάτων
1200 920 1255 1003 μέν
1283 921 1338 982 καί
1371 916 1522 1004 σχημάτων

295 1041 309 1086 5
330 1026 492 1105 ποικιλίαις
514 1027 590 1113 ὄψις,
607 1029 657 1093 ἐπὶ
678 1029 713 1093 δέ
734 1029 843 1113 φωνῶν
865 1028 1040 1115 ἐμμελείαις
1062 1028 1156 1116 ἀκοή,
1172 1030 1205 1095 ἐν
1226 1030 1261 1094 δέ
1283 1029 1388 1115 χυλῶν
1410 1022 1522 1114 ήδύτησι

328 1141 440 1224 γεῦσις,
456 1137 515 1205 κάν
536 1148 601 1217 ταῖς
622 1146 681 1205 τῶν
704 1138 966 1227 ἀναθυμιωμένων
988 1133 1092 1227 ἀτμῶν
1114 1133 1253 1218 εὐωδίαις
1274 1136 1436 1227 όσφρησις,
1455 1138 1522 1218 δεξά-

330 1271 418 1337 μεναι
444 1250 483 1316 τά
511 1251 597 1336 δῶρα
619 1252 847 1337 θεραπαινίδων
873 1251 988 1338 τρόπον
1014 1252 1239 1339 προσφέρουσιν
1266 1254 1317 1317 οία
1339 1251 1474 1338 δεσπότη
1493 1258 1522 1335 τῷ

329 1360 476 1449 λογισμῷ,
499 1361 702 1449 παράκλητον
724 1363 914 1451 ἐπαγόμεναι
935 1365 1037 1430 πειθῶ
1059 1367 1205 1450 περὶτοῦ
1228 1366 1325 1452 μηδὲν
1347 1363 1521 1429 ἀπῶσαοθα·Ι

329 1470 365 1538 τό
392 1472 553 1559 παράπαν·
583 1473 600 1538 ό
628 1468 658 1540 δ’
683 1469 795 1541 αὐτίκα
823 1477 1007 1555 δελεασθεὶς
1034 1470 1174 1562 ὑπήκοος
1203 1470 1277 1543 ἀνθ’
1306 1475 1461 1563 ήγεμόνος
1485 1477 1522 1538 καί

274 1595 309 1641 10
330 1583 440 1662 δοῦλος
463 1584 527 1652 ἀντὶ
550 1585 700 1652 δεσπότου
722 1590 776 1652 καί
799 1585 864 1654 ἀντί
885 1587 1011 1653 πολίτου
1034 1588 1134 1674 φυγάς
1157 1592 1211 1653 καί
1233 1586 1347 1674 θνητὸς
1371 1586 1437 1654 ἀντ’
1462 1581 1522 1650 ἀθι·

329 1695 421 1762 νότου
453 1696 582 1783 γίνεται.
616 1697 751 1790 συνόλως
787 1698 848 1785 γάρ
887 1697 946 1763 οὐκ
985 1693 1153 1785 ἀγνοητέον
1185 1698 1231 1764 ότι
1264 1701 1314 1764 οἰα
1347 1699 1460 1784 ἑταιρίς
1486 1701 1523 1762 καὶ

330 1807 451 1895 μάχλος
480 1809 558 1874 οὐσα
584 1803 683 1896 ἡδονή
709 1810 850 1898 γλίχεται
877 1819 981 1897 τυχεῖν
1007 1813 1140 1898 ἐραστοῦ
1167 1815 1223 1876 καὶ
1250 1812 1449 1900 μαστροποὺς
1470 1807 1523 1876 ἀνα·

329 1919 430 2006 ζητεῖ,
459 1919 499 1986 δι’
529 1920 571 1988 ῶν
597 1929 704 1989 τοῦτον
732 1916 1000 2009 ἀγκιστρεύσεται·
1034 1923 1281 2011 μαστροπεύουσι
1313 1923 1343 1990 δ’
1375 1923 1455 2011 αὐτῇ
1486 1925 1523 1986 καί

327 2033 508 2118 προξενοῦσι
534 2033 586 2100 τόν
614 2036 714 2120 ἐρωτα
743 2035 920 2122 αἰσθήσεις,
950 2035 986 2114 ἃς
1012 2036 1190 2102 δελεάσασα
1220 2037 1332 2124 ῥᾳδίως
1359 2034 1521 2123 ὑπηγάγετο

273 2160 308 2205 15
328 2143 380 2211 τόν
408 2152 492 2230 νοῦν,
522 2145 547 2232 ᾤ
575 2144 614 2211 τά
641 2146 773 2231 φανέντα
802 2147 891 2225 ἐκτός
919 2151 991 2213 εἴσω
1019 2149 1202 2235 κομίζουσαι
1238 2148 1457 2235 διαγγέλλουσι
1485 2147 1522 2209 καί

328 2257 560 2341 ἐπιδείκνυνται,
589 2259 658 2335 τοῦς
684 2257 797 2336 τύπους
824 2258 964 2327 ἑκάστων
992 2260 1267 2348 ἐνσφραγιζόμεναι
1295 2263 1349 2325 καὶ
1377 2259 1412 2324 τό
1438 2259 1521 2346 ὅμοιον

329 2369 566 2457 ἐνεργαζόμεναι
587 2369 706 2448 πάθος·
729 2372 819 2458 κηρῷ
840 2372 901 2459 γάρ
924 2372 1033 2451 ἐοικῶς
1048 2373 1175 2459 δέχεται
1195 2373 1250 2451 τάς
1272 2371 1324 2438 διά
1344 2373 1413 2460 τῶν,
1429 2368 1523 2452 αἰσθή-

416 2630 428 2682 1
439 2625 457 2696 ή
469 2630 589 2696 αἴσθησις
601 2646 625 2684 α
675 2630 691 2682 3
702 2623 816 2697 ἑκάστην
826 2627 863 2682 Μ
865 2624 879 2668 l
932 2631 950 2683 4
967 2635 1149 2698 χαίρουσαν
1160 2631 1315 2685 Markland:
1328 2635 1461 2698 χαίρουσα
1468 2625 1522 2682 ουιίό.

363 2716 414 2785 έπί]
425 2719 452 2768 ἐν
462 2714 500 2770 Μ
547 2719 595 2767 καί
604 2715 745 2783 σχημάτων
755 2716 905 2786 ποικιλίαις]
915 2720 962 2769 καί
970 2720 1112 2781 ποικιλίαις
1120 2717 1267 2785 χρωμάτων
1277 2715 1335 2783 ΑΟ,
1344 2721 1392 2769 καί
1399 2719 1523 2773 ποικιλίας

328 2803 454 2870 σωμάτων
476 2801 535 2856 BD
622 2803 638 2856 5
662 2802 721 2870 ὄψις
745 2803 774 2856 in
796 2808 871 2858 textu
895 2820 956 2868 ουτ,
979 2804 1008 2857 in
1030 2821 1116 2872 marg.
1140 2821 1213 2859 man.
1236 2805 1252 2857 θ
1271 2806 1333 2858 add.
1352 2801 1434 2858 ABG
1451 2803 1522 2872 (σῖμος

326 2892 410 2942 λείπει
428 2889 487 2957 ὄψις
508 2888 566 2958 0²),
585 2888 676 2955 ὅρασις
693 2887 736 2956 D;
754 2890 839 2943 verba
850 2889 1111 2958 ὄψις-ἐμμελείαις
1130 2908 1183 2945 om.
1196 2890 1226 2945 F
1293 2892 1344 2961 έπί]
1364 2895 1391 2943 έν
1408 2889 1449 2942 Μ
1507 2890 1523 2936 ἐν

326 2979 414 3044 χυλῶν
432 2981 462 3030 δέ
479 2995 503 3035 a
571 2979 651 3044 χιλῶν
668 2975 751 3034 BDb
820 2975 931 3046 ήδύτησι
949 2977 1053 3034 om.M
1116 2977 1325 3047 ῦήγεῦσιςΜ
1390 2973 1453 3029 κάν
1470 2981 1523 3033 ταῖς

326 3067 387 3116 τῶν
410 3059 689 3131 ἀναθυμιωμένων
711 3059 817 3131 ἀτμῶν
841 3059 997 3130 εὐωδίαις
1016 3065 1132 3134 scripsi:
1150 3069 1197 3119 καί
1215 3073 1272 3129 ταῖς
1290 3067 1340 3118 τῶν
1358 3059 1521 3129 ἀνατεθυμιυ

328 3155 410 3218 μένων
428 3146 517 3218 ἀτμῶν
535 3146 655 3214 εὐωδίαις
673 3148 714 3216 Μ,
732 3147 788 3204 κάκ
806 3151 854 3219 τῆς
866 3154 917 3204 τῶν
929 3147 1150 3220 ἀναθυμιωμένων
1161 3148 1360 3220 (ἀναθυομένων
1381 3149 1403 3203 0
1413 3151 1444 3204 in
1457 3153 1522 3203 lexlu.

326 3233 549 3304 ἀναθυμιωμένων
574 3234 613 3288 0²
634 3237 663 3289 in
687 3237 782 3306 marg.)
805 3233 894 3305 ἀτμῶν
918 3239 982 3309 (om.
1000 3238 1039 3309 F)
1059 3235 1170 3302 εὐωδίας
1187 3237 1251 3304 Fa,
1269 3233 1325 3291 κάκ
1342 3240 1391 3306 τῆς
1408 3240 1461 3289 τῶν
1477 3232 1523 3287 ἀνα-

327 3328 467 3391 διδομένων
485 3320 573 3392 ἀτμῶν
592 3319 741 3387 εῦωδίαςί)
811 3326 838 3376 αἳ
856 3325 996 3392 δεξάμεναι
1015 3323 1052 3380 Μ
1123 3327 1345 3392 7θεραπαινίδος
1361 3323 1422 3377 BD
1491 3321 1522 3371 τόν

326 3412 423 3479 τρόπον
442 3409 479 3465 Μ
561 3411 760 3480 9δελεασθείς]
779 3412 906 3480 δικαστής
924 3412 984 3483 (sic)
1004 3411 1041 3466 M
1050 3469 1053 3476 ,
1132 3413 1164 3465 ll
1181 3409 1198 3480 ἡ
1217 3409 1299 3480 ἡδονή
1320 3409 1357 3464 Μ
1375 3409 1467 3463 Ραίαί.
1484 3408 1523 3461 12⁹

360 3502 480 3568 γλίχεται
497 3498 543 3570 τοῦ
563 3497 674 3564 ἐραστοῦ
693 3505 779 3565 τυχεῖν
796 3497 859 3552 Pal.
931 3500 963 3552 13
981 3500 1084 3569 τοῦτον]
1102 3503 1150 3551 καί
1167 3501 1259 3551 τοῦτον
1275 3496 1314 3562 F;
1333 3498 1378 3550 τόν
1396 3499 1457 3549 νοῦν
1470 3493 1521 3548 σοιτί,

326 3586 470 3640 Markland
540 3581 740 3652 ἀγκιστρεύεται
757 3583 837 3638 ABG
852 3583 914 3638 Pal.
991 3582 1071 3656 αὐτῇ]
1090 3581 1173 3654 αὐτῆς
1192 3582 1230 3639 Μ
1302 3585 1335 3638 14
1353 3589 1382 3637 αἰ
1400 3583 1519 3650 αἰσθήσεέ

325 3673 388 3728 Ραί,
442 3665 571 3742 ἀς]αἰςα
620 3670 774 3740 ῦπήγαγεα
828 3673 860 3725 15
870 3672 947 3736 ἐκτὸς
957 3689 1010 3727 om.
1020 3671 1083 3726 Pal.
1136 3669 1312 3739 κομίζουσιί)
1366 3672 1398 3724 16
1411 3665 1521 3732 ἑκάστων]

327 3758 535 3814 έκπάντωνΜ
601 3757 861 3827 σφραγιζόμεναιΜ
934 3759 1008 3829 16117
1027 3763 1085 3813 καί
1111 3754 1141 3812 τό
1160 3759 1251 3826 ὅμοιον
1273 3758 1521 3826 ἐνεργαζόμεναι

326 3848 414 3912 πάθος
432 3846 503 3910 Ραί,,
522 3850 569 3899 καί
585 3847 615 3899 τό
634 3846 724 3915 ὅμοιον
742 3845 950 3914 ἐναυγαζόμεναι
973 3846 1062 3909 πάθος
1081 3844 1133 3900 M:
1151 3850 1199 3899 καί
1216 3851 1243 3900 εί
1262 3845 1467 3913 ἐνεργαζόμεναι
1483 3858 1520 3896 υιιι

324 3933 401 3988 σείοντ’
472 3935 504 3987 17
522 3933 611 3996 ἐοικός
629 3931 667 3989 Μ

326 4161 488 4226 ἐξετάζεται.
513 4162 607 4227 μαθεῖν
624 4153 649 4212 δ’
671 4161 703 4211 ἐκ
715 4161 763 4228 τῆς
775 4161 908 4226 ἐνεργείας
927 4157 1028 4224 ῥᾴδιον·
1047 4155 1064 4225 ή
1084 4156 1144 4224 ὄψις
1160 4157 1257 4224 πάσχει
1268 4154 1318 4209 ὐπὸ
1332 4156 1383 4209 τῶν
1400 4157 1521 4209 κινοῦνται

326 4244 408 4317 αὐτήν
431 4245 546 4317 ὁρατῶν,
569 4246 615 4299 τοῦ
638 4249 749 4314 λευκοῦ,
773 4246 819 4298 τοῦ
844 4249 969 4314 μέλανος,
993 4248 1043 4298 τῶν
1067 4243 1167 4298 ἀλλων·
1190 4241 1208 4312 ή
1234 4238 1304 4312 ἀκοή
1323 4243 1403 4297 πάλιν
1421 4237 1469 4296 ὑπὸ
1485 4241 1521 4293 τῶν

326 4338 417 4404 φωνῶν
434 4339 482 4389 καί
498 4333 515 4404 ή
534 4337 622 4403 γεῦσις
640 4332 689 4386 ὐπὸ
708 4337 758 4387 τῶν
775 4335 861 4401 χυλῶν
880 4335 1033 4399 διατίθεται,
1052 4330 1101 4385 ὐπὸ
1120 4335 1171 4385 τῶν
1188 4326 1276 4398 ἀτμῶν
1293 4328 1311 4398 ή
1330 4322 1466 4398 ὄσφρησις,
1483 4325 1519 4380 ῦτί

325 4428 439 4491 τραχέος
461 4426 508 4476 καί
532 4422 654 4489 μαλακοῦ
677 4419 694 4489 ή
720 4415 789 4490 άφή·
808 4423 855 4472 καί
871 4415 998 4488 ήρεμοῦσί
1020 4415 1046 4489 γ’
1068 4424 1096 4472 αἱ
1114 4418 1250 4486 αἰσθήσεις
1268 4415 1378 4480 ἀπασαι,
1398 4421 1484 4484 μέχρις
1500 4414 1521 4464 ἀι

325 4513 461 4577 προσέλθη
481 4509 579 4576 ἑκάστη
598 4509 627 4561 τὸ
646 4507 752 4575 κινῆσον
771 4510 876 4570 ἔξωθεν.
949 4509 981 4561 15
1000 4525 1061 4576 sqq.
1074 4509 1139 4575 Leg.
1153 4507 1233 4574 alleg.
1251 4506 1263 4558 Ι
1280 4505 1314 4557 55
1332 4505 1361 4556 τὸ
1380 4501 1521 4572 ἡγεμονικόν

325 4595 399 4665 ήμῶν
417 4599 546 4663 πανδεχές
565 4599 618 4647 έστι
629 4598 676 4647 καί
694 4596 766 4646 ἐοικε
777 4595 853 4661 κηρῷ
871 4593 972 4657 πάντας
989 4594 1051 4657 τούς
1068 4594 1165 4656 τόπους
1182 4591 1284 4654 καλούς
1301 4608 1330 4643 τε
1348 4594 1395 4643 καί
1412 4587 1520 4656 αἰσχρούς

326 4687 473 4750 δεχομένῳ.
493 4682 567 4750 quod
580 4683 648 4735 deus
661 4680 765 4734 immul.
785 4681 860 4734 1278
879 4683 1000 4749 αἴσθησις
1017 4684 1065 4748 μέν
1083 4680 1128 4734 οῦν
1141 4721 1147 4733 .
1162 4720 1187 4732 ..
1205 4679 1239 4732 τά
1257 4681 1372 4744 φανέντα
1390 4679 1520 4742 ἐπεισφέρει
