3142 5238
318 335 448 401 XXXVI

319 521 463 606 αἰσθητῷ
485 520 603 606 γένεσιν
625 521 739 587 οἰκεῖον
761 519 859 606 ὄνομα
881 519 1087 606 ἐπεφημισεν;
1110 525 1185 602 473
1208 523 1237 588 οἱ
1258 523 1297 588 τὰ
1319 521 1470 609 ὀνόματα
1492 533 1543 600 τοῖς

319 631 499 718 πράγμασιν
521 631 553 710 ἐξ
576 625 680 717 ἀρχῆς
702 631 954 717 ἐπιφημίσαντες;
978 633 1019 698 de
1035 635 1160 699 Abrah.
1184 635 1246 699 118
1270 634 1410 718 (Mang.)
1437 632 1496 718 τὴν
1516 635 1544 698 ἐν.

318 749 379 810 τῶν
409 748 501 828 τριῶν
530 739 680 808 σύνθετον
711 742 823 826 κλῆσιν
856 742 1044 828 ἐπιφημίσας
1077 743 1194 830 ἑαυτῷ.
1228 749 1380 810 ceterum
1417 745 1543 809 dativus

317 856 507 938 postulatur
528 854 705 936 participio
728 851 842 935 ἐνιδοίν,
866 853 908 919 de
931 874 997 937 quo
1020 874 1210 937 pronomen
1233 856 1315 921 illud
1337 876 1412 920 non
1439 857 1542 920 minus

316 966 442 1048 pendet
479 986 579 1049 quarn
617 965 658 1030 de
700 965 879 1048 participio
917 964 1119 1050 ἐπιφημίσας.
1158 970 1326 1032 structura
1363 969 1543 1032 verborum

320 1077 491 1140 simillima
520 1079 572 1140 est
600 1076 695 1154 4435
722 1077 793 1139 τοτέ
811 1077 877 1166 μὲν
904 1073 1019 1161 ἠρεμεῖ
1043 1079 1114 1140 τοτὲ
1140 1077 1176 1140 δέ
1203 1085 1329 1142 κινεῖται
1351 1075 1413 1154 τὰς
1438 1075 1543 1162 ἅρματ-

317 1183 432 1262 τοιίσας
453 1184 577 1270 σχέσεις
599 1186 654 1248 καί
675 1183 810 1269 κινήσεις
832 1187 975 1252 ἕκαστον.

402 1297 476 1376 633
489 1293 642 1381 ἀνόμοιος,
657 1297 897 1379 quodpropter
910 1297 1097 1362 sententiae
1110 1298 1377 1363 concinnitatem
1390 1319 1545 1364 necessa·

315 1408 403 1472 rium
429 1408 575 1485 videtur,
604 1407 732 1472 inserui
761 1413 921 1473 monente
948 1409 1142 1475 Marklando
1172 1409 1220 1492 (in
1250 1409 1340 1475 notis
1368 1431 1483 1476 mser.
1511 1412 1544 1474 ari

317 1517 500 1583 editionem
523 1518 697 1601 Turnebi).

405 1629 496 1707 1935
520 1626 725 1712 ἀηθεστέρων
752 1628 842 1693 idem
868 1629 1089 1712 probabiliter
1116 1632 1260 1696 coniecit
1281 1652 1343 1714 pro
1368 1629 1543 1716 ἀληθεσιέ·

316 1757 393 1821 ρωνι
418 1738 459 1802 cf.
484 1739 574 1820 quod
597 1738 662 1802 det.
686 1742 755 1820 pot.
779 1738 879 1804 insid.
908 1741 921 1803 Ι
949 1741 1013 1804 308
1041 1742 1096 1804 καὶ
1122 1735 1183 1804 ὅσα
1204 1750 1270 1817 ταῖς
1292 1741 1432 1825 ἐτησίοις
1459 1741 1541 1827 ὥραις

315 1846 583 1934 καινουργούμενοί
604 1868 639 1912 τε
660 1850 716 1911 καί
738 1847 770 1925 ἐξ
792 1848 888 1925 ἐθονς
910 1843 1116 1916 ἀποτελεῖται.

400 1960 497 2038 3534
519 1957 574 2042 ἀφ’
599 1959 711 2023 ἑαυτοῦ
738 1959 816 2024 dedi
842 1961 1074 2026 Marklandum
1104 1961 1151 2042 (et
1173 1961 1376 2045 Mangeiurn)
1410 1965 1542 2026 secutus

314 2090 376 2153 pro
405 2067 458 2153 ὑφ’
488 2069 614 2133 ἑαυτοῦ.
647 2070 798 2135 vicissim
827 2071 923 2149 3630
951 2069 1013 2135 ἀπό
1043 2091 1084 2136 ex
1111 2065 1171 2136 ὑπό
1201 2077 1398 2154 corruptum
1432 2077 1490 2136 est
1516 2072 1541 2134 iu

315 2181 469 2246 codicum
492 2182 600 2245 classe
623 2184 656 2246 b.
1221 2199 1224 2204 ·

400 2290 526 2375 303110
540 2299 736 2376 παραγαγεῖν
752 2310 828 2356 cum
845 2291 1158 2374 Christophors0n0
1175 2291 1222 2376 (et
1235 2291 1406 2375 Mangeio)
1425 2293 1541 2374 scripsi

314 2421 376 2484 pro
399 2400 581 2485 παρελθεῖν,
604 2403 694 2485 quod
716 2402 797 2466 ferri
819 2401 944 2483 nequit.

401 2512 492 2590 3131
525 2509 636 2595 ἄροτον
664 2532 707 2576 ex
735 2509 866 2595 ἄροτρον
894 2513 1041 2578 correxit
1066 2513 1240 2578 Markland
1269 2512 1383 2595 (quem
1409 2519 1540 2580 secutus

314 2626 366 2687 est
398 2622 565 2705 Mangey).
601 2622 691 2686 idem
723 2622 922 2686 vocabulum
956 2623 1092 2688 Philoni
1129 2622 1376 2687 restituendum
1417 2630 1476 2690 est
1508 2626 1541 2688 de

315 2736 444 2814 septen.
467 2733 579 2798 11283
609 2738 708 2810 extr.;
737 2737 828 2797 recte
850 2733 1012 2798 traditum
1035 2738 1086 2798 est
1109 2726 1221 2816 ἄροτον
1243 2733 1285 2798 de
1309 2738 1414 2798 creat.
1438 2736 1540 2817 princ.

313 2843 434 2908 11370.

400 2953 494 3032 3638
517 2951 628 3016 καὶτὸ
650 2957 763 3036 γεννῶν
784 2953 889 3016 verba
911 2952 1092 3017 inserenda
1116 2971 1191 3017 esse
1213 2953 1346 3018 monuit
1367 2955 1540 3020 Markland

315 3062 362 3147 (in
385 3065 475 3129 notis
499 3083 599 3128 mser.
623 3063 666 3128 ad
689 3063 872 3128 editionem
894 3062 1151 3146 Maugeianam).

401 3173 473 3252 373
496 3173 640 3258 γεννῆται
660 3191 723 3254 pro
745 3171 872 3256 γένηται
895 3174 1015 3255 scripsi
1040 3193 1115 3238 cum
1136 3174 1300 3256 Mangeio.

401 3283 475 3362 39,5
497 3283 541 3346 ἐτι
562 3301 624 3364 pro
649 3281 699 3347 ἐπί
721 3284 866 3348 correxit
888 3285 1006 3365 Bergk.

401 3393 473 3471 393
496 3397 557 3468 πᾶς
578 3413 622 3468 τις
645 3391 676 3458 ἐν
699 3390 850 3478 ἐβδομαίδ’
875 3393 976 3458 ἐστὶν
998 3392 1121 3478 ἄριστος
1145 3395 1265 3476 scripsi
1280 3395 1447 3461 Brunckii
1464 3417 1539 3462 con·

315 3502 476 3567 lecturam
500 3505 645 3566 secutus.

398 3613 494 3690 4133
516 3611 729 3696 γεωμετρικήν
752 3607 782 3675 δ’
801 3611 845 3675 ἐτι
858 3617 921 3677 τῶν
941 3611 1101 3697 τεσσάρων
1123 3615 1360 3695 corrigendum
1383 3635 1466 3682 esse
1483 3635 1538 3698 pro

313 3718 526 3806 γεωμετρικὴν
549 3717 579 3784 δ’
603 3713 625 3806 ἡ
648 3727 708 3788 τῶν
730 3721 781 3785 διαὶ
803 3721 962 3806 τεσσάρων
983 3725 1067 3788 vidit
1088 3725 1271 3790 Markland.

398 3833 492 3910 4136
515 3835 569 3895 τοῦ
586 3830 691 3916 μέσου,
707 3833 798 3915 quod
814 3853 854 3897 ex
869 3853 969 3898 versu
983 3836 1139 3916 proximo
1154 3855 1333 3918 perperam
1357 3840 1537 3919 repetitum

314 3946 375 4022 est,
398 3942 506 4006 delevi
530 3961 605 4006 cum
628 3942 765 4007 Gelenio
790 3942 996 4027 (Marklando
1019 3946 1202 4028 Muellero).

396 4053 472 4130 49,9
493 4051 692 4136 πολυσχιδῶν
713 4073 775 4135 pro
797 4052 995 4138 πολυσχιδῶς
1023 4055 1144 4137 scripsi
1167 4057 1364 4121 Turnebum
1389 4064 1536 4123 secutus.

398 4160 543 4245 53‚16s17
555 4164 658 4227 verba
668 4166 748 4245 post
757 4163 939 4249 ἐπαιιμοὶσαι
950 4166 1045 4230 libris
1061 4167 1314 4248 manuscriptis
1337 4169 1468 4235 tradita
1483 4175 1537 4234 τῶν

311 4271 395 4336 κατὰ
416 4269 525 4356 γενεὰν
548 4265 763 4358 ἀμανροτὲρας
785 4273 833 4338 ciel
854 4274 909 4352 τιίς
930 4297 964 4340 τε
988 4273 1110 4361 μορφάς
1135 4275 1268 4353 καὶτὰς
1290 4277 1439 4362 δυνάμεις
1462 4279 1535 4363 λαμ-

312 4380 464 4468 βανόντων
479 4383 592 4466 inepte
608 4386 750 4466 repetita
766 4405 840 4450 esse
853 4406 894 4452 ex
907 4387 1057 4452 eiusdem
1071 4388 1190 4470 capitis
1204 4388 1353 4454 clausula
1371 4387 1534 4472 (mu-7)

311 4495 401 4557 recte
424 4493 555 4558 monuit
575 4494 722 4560 Mueller.

396 4601 487 4680 5631
514 4601 638 4687 ἐξῆρται
659 4625 721 4686 pro
745 4602 910 4689 ἐξήρτηται
932 4608 1079 4673 correxit
1100 4609 1249 4692 Mangey.
