3092 5236
576 421 617 500 35

32 639 188 729 ιπλάσιον,
223 635 294 710 ὁδ’
311 641 496 724 ἐξαπλάσιος
527 644 621 730 λόγος
648 642 684 708 τὸ
712 641 853 729 μέγιστον
883 639 915 711 έν
940 651 1003 722 τοῖς
1028 627 1096 710 οὖσι
1122 636 1207 710 ποιεῖ

32 756 157 844 ίοιημα,
193 756 386 844 ιβδιὲστηκε
413 757 448 822 τό
476 750 621 836 ἀξάτατον
653 750 717 822 ἀπὸ
748 763 802 821 τοῦ
836 756 1019 844 βαρυτάτου,
1051 755 1203 842 καθάπερ

32 869 210 956 ιοδείξομεν,
238 867 311 936 ὅταν
339 867 401 934 ἀπὸ
429 870 490 934 τῶν
517 862 659 955 ἀριθμῶν
686 867 887 955 μετέλθωμεν
909 869 959 934 ἐπὶ
979 866 1032 934 τόν
1054 869 1086 935 ἐν
1107 861 1203 954 ἀρμο-

32 1003 63 1060 ιις
87 981 198 1068 λόγον·
232 980 272 1046 τά
299 983 334 1047 δὲ
360 979 450 1048 πέντε
477 979 555 1066 πρὸς
582 978 637 1045 δύο
670 980 817 1066 πλείστην
849 979 881 1047 ἐν
914 973 1046 1067 ἁρμονίᾳ
1078 978 1204 1066 δύναμιν

32 1093 203 1178 ιδείκνυται,
233 1092 347 1179 σχεδόν
375 1092 537 1179 ἐνάμιλλον
558 1100 597 1179 τι]
620 1091 671 1157 διά
692 1094 810 1176 πασῶν,
839 1091 915 1179 ὅπερ
938 1093 970 1158 ἐν
991 1093 1030 1179 τι]
1053 1098 1202 1178 κανονικῇ
1245 1109 1258 1153 5

32 1205 106 1292 ιωρίρι
138 1205 324 1291 σαφέστατα
355 1204 556 1290 παρίσταται·
599 1204 639 1269 τοὶ
672 1205 707 1268 δὲ
738 1203 876 1290 τέσσαρα
907 1203 984 1290 πρὸς
1014 1204 1084 1289 τρία
1114 1204 1117 1290 1
1146 1203 1203 1290 την
1219 1209 1336 1276 1113111.

32 1316 111 1402 ιιόιην
133 1311 285 1404 ἁρμονίαν
307 1315 455 1382 ἀποτελεῖ
472 1316 529 1402 τήν
551 1316 710 1402 ἐπίτριτον,
732 1316 798 1402 ἥτις
821 1318 885 1382 ἐστὶ
907 1314 958 1382 διά
978 1316 1146 1402 τεσσάρων.

76 1436 130 1505 32.
171 1432 405 1504 Ἐπιδείκνυται
426 1439 462 1503 δέ
482 1439 537 1502 καί
559 1439 663 1523 ἕτερον
688 1435 806 1518 κάλλος
834 1431 930 1524 αὑτῆς
958 1436 1094 1525 ἑβδομὰς
1120 1437 1206 1523 ἱερῶ-

32 1571 81 1614 ιτον
101 1551 269 1636 νοηθῆναι.
305 1550 483 1616 συνεστῶσα
503 1549 565 1635 γάρ
588 1550 626 1614 ἐκ
646 1549 770 1636 τριάδος
791 1552 846 1615 καὶ
866 1549 1013 1637 τετράδος
1033 1549 1069 1615 τὸ
1092 1549 1125 1616 ἐν
1145 1558 1207 1628 τοῖς

32 1659 76 1725 ίσιν
95 1655 220 1740 ἀκλινές
241 1665 295 1727 καί
317 1661 415 1747 ὀρθόν
436 1661 526 1747 φύσει
546 1661 732 1749 παρέχεται·
762 1661 795 1727 δν
821 1664 857 1727 δέ
882 1662 1009 1749 τρόπον,
1039 1661 1205 1748 δηλωτέον.
1228 1675 1262 1721 1⁰

32 1777 37 1836 ἰ
60 1771 244 1861 ὀρθογώνιον
271 1775 432 1860 τρίγωνον,
467 1773 543 1860 ὅπερ
572 1775 652 1839 ἐστίν
679 1767 763 1860 ἀρχη
791 1773 977 1864 ποιοτήτων,
1004 1774 1036 1854 ἐξ
1064 1771 1207 1861 ἀριθμῶν

32 1885 159 1971 ινέσιηκε
192 1887 250 1951 τοῦ
282 1886 351 1971 τρία
384 1889 439 1951 καί
470 1886 607 1972 τέσσαρα
635 1889 690 1950 καί
716 1885 821 1952 πέντε·
855 1884 895 1951 τά
916 1887 952 1950 δέ
972 1886 1042 1972 τρία
1063 1888 1119 1951 καί
1139 1885 1206 1951 τέσ-

32 2017 89 2080 ιρα,
115 1997 195 2083 ἅπερ
220 1998 300 2064 ἐστίν
322 1996 497 2086 ἑβδομάδος
518 1998 623 2082 οὐσία,
650 1998 707 2083 την
729 1996 830 2083 ὀρθην
851 1998 964 2084 γωνίαν
990 1996 1151 2062 ἀποτελεῖ·
1184 1992 1205 2082 ἡ

32 2109 54 2172 ὲν
72 2110 128 2194 γάρ
151 2109 288 2197 ἀμβλεῖα
310 2113 365 2174 καί
393 2109 477 2189 ὀξεῖα
504 2109 539 2176 τό
569 2107 733 2196 ἀνώμαλον
765 2111 820 2174 καὶ
852 2109 986 2175 ἄτακτον
1018 2112 1073 2176 καί
1106 2109 1208 2176 ἄνισον

32 2221 202 2304 ιραίνουσιν·
229 2215 407 2309 ἀμβλυτέρα
426 2220 557 2308 γάρκαὶ
580 2221 708 2308 ὀξυτέρα
729 2222 843 2308 γίνεται
866 2221 957 2308 ἑτέρα
979 2222 1100 2307 ἑτέρας·
1124 2221 1207 2307 όρθη
1231 2243 1265 2287 15

32 2329 100 2396 ὀὐκ
120 2334 298 2421 ἐπιδέχεται
320 2334 477 2421 σι’νγκρισιν
499 2332 568 2399 οὐδ’
585 2331 743 2420 ἀρδοτέρα
763 2333 877 2420 γίνεται
899 2332 976 2420 παρ’
994 2334 1111 2420 ἑτέραν,
1141 2330 1207 2398 ἀλλ’

32 2439 147 2532 νόμοίῳ
177 2447 263 2534 μένει
289 2445 345 2533 την
374 2447 451 2513 ίδίαν
478 2446 567 2533 φύσιν
595 2445 702 2512 οὔποτ’
726 2439 932 2513 ἀλλάττουσα.
977 2447 1005 2511 εί
1031 2446 1070 2531 δη
1098 2444 1210 2532 τὸμὲν

32 2556 181 2641 ρβογιόνιον
204 2558 352 2643 τρίγωνον
380 2558 551 2646 σχημάτων
579 2561 634 2623 καὶ
659 2558 832 2644 ποιοτήτων
858 2560 938 2624 ἐστίν
966 2557 1068 2643 ἀρχή,
1100 2556 1210 2624 τούτου

32 2667 93 2732 ἐτό
119 2663 375 2756 ἀναγκαιότατον,
409 2671 465 2755 την
494 2664 595 2756 όρθην
621 2671 744 2757 γωνίαν,
777 2665 798 2756 ἡ
827 2667 917 2735 οὐσία
949 2672 1005 2755 τῆς
1038 2669 1211 2757 ἑβδομάδος

32 2779 178 2865 ιοιρὲχεται,
214 2779 299 2866 τριάς
326 2779 403 2866 ὁμοῦ
432 2784 487 2846 καί
513 2780 635 2868 τετράς,
669 2775 816 2868 νομίζοιτ’
834 2781 871 2848 ἀν
893 2781 1020 2859 εἰκότως
1042 2781 1100 2867 ἥδε
1122 2781 1211 2866 πηγίγ
1232 2803 1267 2848 20

32 2891 107 2969 ταντδς
139 2893 304 2980 σχήματος
335 2896 389 2959 καὶ
416 2893 521 2980 πάσης
547 2895 719 2981 ποιότητος.
764 2893 847 2980 Πρὸς
880 2896 915 2958 δέ
947 2903 1009 2972 τοῖς
1042 2893 1211 2980 εἰρημένοις

32 2997 121 3069 ιάκεῖνο
142 3005 261 3093 λέγοιτ’
279 3001 316 3072 ἀν
339 3004 467 3085 δεόντως
489 3006 534 3072 ὅτι
555 3005 595 3071 τά
618 3009 673 3094 μέν
687 3006 756 3092 τρία
779 3005 924 3071 ἐπιπέδου
948 3004 1110 3092 σχήματός
1133 3007 1212 3071 ἐστιν

32 3109 137 3200 ίριδμός,
152 3157 195 3165 -
212 3119 319 3204 ἐπειδη
336 3129 464 3205 σημεῖον
480 3123 536 3206 μὲν
548 3119 632 3184 κατὰ
647 3117 777 3205 μονάδα,
792 3118 921 3204 γραμμὴ
945 3119 981 3182 δέ
995 3115 1078 3181 κατὰ
1100 3116 1211 3199 δυάδα,

32 3225 139 3296 ἐπίπεδον
160 3232 196 3295 δέ
219 3231 303 3295 κατὰ
324 3228 435 3315 τριάδα
456 3231 602 3296 τέτακται
623 3267 664 3280 ——
687 3228 726 3294 τά
753 3231 789 3294 δέ
810 3230 947 3314 τέσσαρα
975 3230 1101 3314 στερεοῦ
1129 3227 1212 3295 κατὰ

89 3435 766 3506 1βποιεῖδιάστημαΜεδιάστημαποιεῖοείονί
810 3433 1059 3505 3ἐπιδείξομενΜί
1106 3435 1212 3490 ἐπίΜε

32 3519 129 3581 ίςοιίινὶ
195 3524 242 3576 τόν
265 3527 292 3576 ἐν
314 3541 368 3578 om.
392 3524 423 3577 D
493 3529 520 3577 ἐν
538 3523 676 3592 ἀρμονίαις
694 3523 777 3581 Μαι
796 3528 989 3592 ἐναρμονίαςῠ
1059 3525 1162 3591 ἀπρός
1179 3523 1212 3576 τά

32 3603 59 3655 ίίυ
74 3605 105 3660 Μ
164 3615 192 3664 ἐν
211 3609 334 3680 ἁρμονία]
354 3610 507 3678 ἐναρμόνιον
520 3610 557 3664 Μ
623 3612 671 3679 την
689 3610 845 3679 δόναμινΜ
915 3613 1139 3664 ὅέπιδείκνυνται
1154 3609 1214 3664 BD

51 3686 175 3760 ἀνάμιλλον
183 3696 277 3760 ABD,
287 3693 436 3765 ἀναμέλλον
448 3696 472 3751 O
522 3700 538 3752 6
549 3702 578 3751 δὲ
589 3696 687 3752 ομιΜ
736 3699 751 3750 7
761 3697 898 3768 ἁρμονίαν]
909 3703 1064 3765 ἑναρμονίαν
1072 3697 1099 3752 L
1109 3697 1212 3768 (Turn.)

52 3781 147 3836 ἐπιτελεῖ
157 3781 272 3840 ΜίΒΙ)
324 3785 502 3842 Maioma
559 3784 651 3856 αότῆς]
666 3781 749 3854 αὐτῆς
760 3785 832 3840 codd.
889 3785 1033 3854 9τριάδος]
1046 3785 1144 3849 δυάδος
1155 3784 1214 3837 BD

54 3865 77 3917 11
92 3872 217 3938 τριγῶνιον
235 3871 294 3935 HI,
311 3877 437 3941 τρίγωνον
456 3890 508 3928 om.
528 3874 612 3929 Turn.
666 3873 699 3926 12
716 3877 764 3926 καί
781 3876 827 3926 τοῦ
846 3877 962 3940 τέσσαρα
979 3872 1039 3927 BD
1097 3874 1130 3926 14
1146 3867 1213 3924 ἀνῶ-

32 3953 106 4007 ιιιλλον
122 3957 175 4024 HI,
194 3955 336 4027 ἀνωμαλές
354 3955 408 4014 Ml»
461 3964 509 4013 καί
526 3966 591 4014 ante
610 3959 697 4013 ἀνισον
715 3978 769 4015 om.
787 3958 817 4013 F
868 3962 900 4014 15
917 3965 965 4014 καί
982 3960 1070 4015 οοάά.ι
1088 3959 1104 4027 ἦ
1124 3961 1213 4026 Mang.

53 4043 133 4103 γίνεται
150 4045 224 4103 Mb:
243 4051 351 4115 γέγονεν
369 4046 456 4114 ABG,
475 4065 529 4102 om.
547 4047 578 4100 D
648 4051 746 4115 ἑτέρα
769 4051 889 4115 ἐτέρας
907 4046 956 4101 M:
976 4052 1055 4114 ἑτέρα
1073 4064 1126 4100 om.
1138 4045 1216 4100 ceteri

56 4125 80 4177 16
98 4129 164 4199 παρ’
190 4137 309 4201 ἑτέραν
328 4132 378 4188 M:
402 4138 482 4202 ἑτέρα
504 4129 569 4201 παρ’
591 4138 684 4202 ἑτέραν
701 4132 779 4188 ceteri
866 4130 938 4187 ἀλλ’
960 4139 992 4186 ἐν
1010 4133 1110 4202 ὁμοίῳ
1128 4133 1213 4186 οοάά.;

32 4199 83 4263 &M
98 4222 139 4270 καί
150 4223 176 4272 ἐν
187 4219 270 4289 ὁμοίῳ
283 4222 376 4286 Turn„
395 4217 458 4275 ἀλλ’
473 4218 635 4290 ὀρθογώνιον
647 4225 674 4274 ἐν
692 4219 774 4290 ὁμοίῳ
787 4222 875 4290 Mang.
948 4224 979 4274 17
998 4226 1020 4274 εἰ
1039 4223 1084 4289 δὴ]
1098 4225 1160 4274 εῖδει
1173 4220 1214 4283 M,

32 4297 178 4374 ezessMang.
250 4309 280 4361 τὸ
300 4313 356 4377 μὲν
373 4308 412 4363 M
417 4330 424 4364 ι
444 4313 490 4377 μὲν
503 4327 556 4365 om.
568 4309 646 4364 ceteri
717 4311 750 4363 18
767 4304 951 4378 ὂρδόγωνονὺ
1022 4305 1092 4377 ἀρχη
1107 4307 1217 4361 ἐτιτινίΙ

39 4387 142 4480 Ιτούτου]
158 4397 204 4448 τοῦ
225 4395 248 4448 0
317 4397 349 4450 19
373 4393 592 4466 ἀναγκαιοτάτων
610 4395 648 4462 D,
673 4391 884 4465 ἀναγκαιότατον
903 4400 983 4463 μέρος
1000 4394 1039 4449 Μ
1104 4396 1138 4448 20
1155 4395 1214 4464 ἥδε]

33 4473 143 4533 λίὲῦίι
209 4482 618 4553 13μινΜΕαιμινεοειο
1056 4475 1057 4478 ¹

35 4582 304 4610 ’κῇ-

100 4669 125 4722 11
143 4674 174 4726 de
191 4673 237 4729 vit.
255 4676 323 4729 Mos,
342 4675 367 4730 Π
386 4677 435 4730 147
454 4719 460 4731 .
481 4718 487 4730 .
507 4718 513 4731 .
532 4679 579 4728 τοῦ
601 4669 764 4744 ὀρθογωνίου
787 4673 920 4743 τριγώνου,
944 4671 1011 4740 ὅπερ
1030 4675 1084 4725 ὲοτί
1101 4674 1150 4742 τῆς
1167 4673 1217 4726 τῶν

36 4741 87 4803 ὅλων
100 4764 214 4827 γενέσεως
232 4758 312 4832 ἀρχή.

1036 4865 1067 4917 3*
