3142 5238
1257 357 1301 420 IX

75 535 263 600 lectionum
292 535 499 618 suppeditat,
528 555 605 600 cum
636 537 712 618 plus
747 539 922 620 sexaginta
954 541 1039 606 locis
1073 562 1159 607 unus
1187 563 1301 608 veram

77 649 283 731 scripturam
305 649 495 714 servaverit.
519 650 681 730 exemplis
705 650 906 733 quibusdam
929 673 1000 718 rem
1023 655 1208 720 illustrabo.

164 787 260 864 eam
289 787 371 850 haec
399 787 612 868 legebantur:
642 788 674 849 οί
698 809 736 872 γε
764 788 824 873 μην
846 787 1001 875 πλάνητες
1022 791 1045 876 ἤ
1066 791 1095 856 τ’
1120 791 1301 877 ἀντίρροπος

76 897 209 981 στρατιὰ
241 903 297 981 τῆς
323 897 384 961 τῶν
413 894 558 962 ἀπλανῶν
585 897 663 962 έπτά
697 899 936 985 διακοσμοῦνται
963 899 1076 980 τάξεσι.
1111 924 1195 986 quae
1225 925 1300 970 cum

78 1030 185 1074 sensu
201 1011 339 1074 omnino
356 1013 503 1087 careant,
518 1009 657 1074 Mueller
671 1013 780 1074 totum
796 1013 1006 1077 enuntiatum
1028 1011 1051 1097 ἤ
1073 1012 1102 1077 τ’
1120 1011 1301 1098 ἀντίρροπος

75 1118 208 1204 στρατιὰ
241 1120 296 1204 τῆς
327 1125 388 1185 τῶν
422 1117 568 1184 ἀπλανῶν
599 1123 771 1202 tamquam
808 1123 977 1204 glossema
1012 1125 1190 1190 delendum
1224 1147 1299 1190 esse

76 1235 222 1298 censuit.
246 1237 281 1297 at
303 1232 387 1297 nihil
410 1233 476 1296 nisi
499 1232 618 1296 vocula
639 1253 673 1295 τε
696 1235 900 1298 sententiam
917 1236 1039 1300 turbat.
1064 1237 1152 1300 hanc
1176 1238 1300 1302 omittit

75 1346 188 1410 codex
212 1343 259 1422 M,
289 1365 329 1408 ea
357 1344 467 1408 deleta
491 1344 659 1408 sententia
686 1345 796 1409 evadit
822 1346 1030 1427 planissima.
1054 1348 1094 1411 cl.
1118 1347 1180 1430 leg.
1204 1349 1299 1430 alleg.

74 1457 155 1521 145
179 1452 334 1546 πλάνητές
360 1475 395 1518 τε
422 1454 484 1538 γὰρ
502 1454 591 1543 έπτά
619 1453 792 1539 γεγόνασιν,
821 1453 997 1540 ἀντίρροποι
1024 1457 1063 1542 τῇ
1092 1457 1175 1522 κατὰ
1202 1453 1300 1524 ταῶτά

73 1567 132 1629 καὶ
156 1558 304 1641 ὡσαύτως
326 1563 445 1649 ἐχούση
468 1568 561 1650 φορᾷ.

165 1706 263 1782 4930
288 1709 348 1767 τῶν
375 1701 406 1766 δ’
436 1701 604 1787 εἰρημένων
637 1700 695 1765 οὐκ
724 1700 839 1766 ἀποδεῖ
861 1704 916 1766 καί
942 1702 977 1769 τὸ
1012 1704 1124 1791 μέλλον
1149 1704 1302 1791 λέγεσθαι

74 1817 222 1896 vulgata.
256 1816 396 1879 verbum
430 1806 556 1878 ἀποδεῖν
597 1814 760 1896 significat
796 1813 978 1879 deteriorem
1014 1837 1078 1880 esse
1115 1817 1168 1902 (cf.
1206 1819 1301 1896 53‚18

79 1922 198 1990 ἀποδεῖ
216 1925 277 2011 γὰρ
293 1927 332 1990 τά
349 1925 511 2012 μιμηματα
526 1926 587 1990 τῶν
603 1923 814 2010 ἀρχετύπων);
839 1947 912 1991 earn
936 1929 1110 1993 notionem
1133 1930 1210 1993 huic
1226 1931 1301 1994 loco

76 2059 150 2102 non
174 2040 332 2103 idoneam
358 2059 433 2103 esse
456 2041 605 2119 apparet,
633 2038 812 2120 requiritur
835 2038 928 2102 notio
956 2041 1050 2104 verbi
1079 2040 1302 2122 discrepandi.

74 2171 195 2215 veram
212 2149 311 2231 igitur
332 2150 510 2214 lectionem
525 2148 629 2213 tradit
646 2148 698 2212 M:
721 2146 780 2211 οὐκ
803 2146 938 2234 ἀπᾴδει
960 2169 1027 2213 non
1049 2149 1213 2233 discrepat,
1235 2170 1303 2215 κοκ

76 2260 319 2324 dissentaneum
347 2264 400 2324 est.
430 2261 496 2324 alia
528 2261 622 2324 verbi
656 2257 785 2344 ἀπᾴδειν
819 2263 971 2342 exempla
1003 2263 1092 2343 apud
1124 2262 1303 2326 Philonem

78 2376 200 2438 extant
221 2373 319 2437 haec:
344 2373 384 2436 de
406 2376 496 2454 post.
521 2371 617 2435 Caini
639 2372 653 2434 Ι
675 2373 738 2436 266
760 2371 815 2455 τῆς
838 2372 870 2436 έν
897 2381 959 2448 τοῖς
982 2370 1110 2459 ὀνόμασι
1131 2373 1301 2458 προχείρου

77 2483 252 2569 φαντασίας
280 2481 361 2547 πολὺ
389 2481 549 2567 τάληθοῦς
580 2479 762 2567 ἀπᾳδούσης
792 2481 853 2565 (sic
889 2485 994 2548 codex
1023 2488 1110 2549 teste
1138 2486 1302 2549 Tischen-

77 2599 187 2662 dorfio
211 2597 344 2661 Philon.
367 2618 399 2678 p.
423 2598 506 2677 SM,
530 2617 600 2660 non
623 2593 841 2679 ἀποδεοῶσης).
866 2597 945 2661 ibid.
962 2597 1052 2659 1235
1076 2596 1182 2680 ἐπειδὴ
1205 2596 1303 2659 ταῦτα

76 2715 135 2793 τῆς
161 2706 316 2792 ἀληθείας
339 2699 461 2792 ἀπᾴδει.
486 2709 527 2771 de
550 2709 675 2772 Abrah.
698 2708 726 2771 ΙΙ
748 2710 767 2771 λ
790 2700 836 2770 ‘da
858 2705 897 2770 τά
919 2706 1085 2793 τεθειμένα
1107 2704 1303 2792 διατάγματα

75 2824 135 2905 τῆς
158 2818 280 2902 φύσεως
308 2816 367 2882 οὐκ
394 2817 522 2904 ἀπᾴδει.
553 2820 735 2883 aPlatone
764 2819 902 2882 verbum
933 2815 1063 2902 ἀπᾴδειν
1090 2819 1303 2900 coniungitur

78 2953 159 2996 cum
202 2931 312 2995 dativo
356 2931 408 2994 vel
451 2950 527 2994 cum
563 2930 715 3012 genetivo
754 2934 787 2994 et
822 2929 1073 3011 praepositione
1112 2927 1189 3007 ἀπό,
1228 2950 1304 2994 cum

77 3043 237 3126 genetivo
276 3063 296 3107 a
331 3043 512 3107 Plutarcho
551 3044 654 3108 Sexto
692 3041 861 3125 Empirico
898 3041 1045 3105 Lucieno
1083 3040 1171 3119 aliie,
1211 3044 1248 3105 ut
1285 3061 1304 3104 a

77 3156 236 3221 Philone.

170 3301 242 3378 56,3
265 3297 495 3384 τεχνιτεύση
520 3297 572 3363 M:
595 3295 826 3382 τεχνιτεύσηται
840 3299 981 3379 vulgata.
1027 3298 1125 3362 Philo
1148 3298 1305 3363 omnihus

2 3432 3 3436 ’
77 3413 168 3478 locis
190 3415 332 3493 usurpat
352 3411 493 3476 verbum
508 3412 652 3475 activum
674 3407 870 3495 τεχνιτείειντ
895 3409 935 3473 cf.
952 3410 1090 3474 demut.
1107 3429 1196 3474 nom.
1213 3410 1304 3473 1583

79 3522 96 3587 ὁ
120 3520 276 3609 γεννήσας
304 3524 358 3584 καί
386 3519 581 3606 τεχνιτεύσας
608 3519 723 3604 πατήρ.
753 3523 794 3585 de
824 3542 932 3586 somn.
960 3522 974 3585 I
1001 3522 1063 3584 685
1092 3527 1146 3583 τοῦ
1168 3517 1304 3604 δάτερον

80 3637 166 3712 εἰδος
188 3634 244 3717 τῆς
265 3633 510 3719 γαστριμαργίας
532 3629 767 3717 τεχνιτείοντος,
792 3637 825 3697 et
840 3634 902 3697 686
917 3631 956 3696 τὰ
978 3634 1049 3716 περὶ
1072 3632 1192 3716 έδωδην
1208 3630 1304 3716 ἀκρα-

79 3747 142 3823 τῶς
164 3743 387 3842 τεχνμτειίοντα.
417 3746 458 3809 de
481 3745 601 3810 viatim.
626 3747 654 3809 Il
675 3747 737 3809 239
766 3743 826 3808 ὅσα
854 3742 1021 3809 σιτοπόνων
1049 3746 1103 3807 καί
1125 3739 1307 3827 ὀψαρτυτῶν

80 3856 255 3941 περιεργίαι
277 3853 492 3940 τεχνιτεύουσι.
517 3858 633 3939 fragm.
657 3857 684 3920 ll
699 3857 761 3920 666
778 3849 871 3920 ὁπότε
893 3852 1070 3940 τεχνιτεύοι.
1094 3855 1174 3918 item
1197 3854 1306 3918 forma

80 3970 194 4034 activa
231 3969 395 4050 reperitur
432 3969 521 4050 apud
557 3968 755 4050 Dionysium
790 3968 1127 4034 Halicarnassensem
1166 3967 1305 4031 Sextum

81 4080 290 4162 Empiricum
313 4079 408 4143 alios

171 4219 267 4296 57‚10
290 4218 324 4280 in
348 4217 468 4281 ceteris
492 4217 664 4281 codicibus
687 4218 830 4282 traditur
856 4214 983 4300 προσέτι
1004 4215 1064 4278 τῶν
1086 4212 1207 4276 οἰκείων
1230 4209 1305 4276 ἀνα-

81 4328 192 4392 καλῶν
208 4329 315 4412 έργων.
333 4328 456 4393 collato
474 4327 576 4392 simili
591 4329 665 4392 loco
683 4329 799 4410 fragm.
815 4329 919 4392 11653
935 4328 1074 4408 Mangey
1090 4323 1305 4388 scribendum

84 4462 162 4505 esse
197 4441 341 4504 coniecit
373 4437 450 4522 πρὸς
484 4437 623 4516 ἐπίδειξιν
655 4437 715 4502 τῶν
749 4438 870 4503 οἰκείων
904 4432 1070 4503 ἀνακαλῶν
1104 4436 1211 4518 έργων.
1246 4435 1306 4498 sed

85 4551 359 4616 emendationem
375 4551 560 4615 faciliorem
576 4551 715 4632 praebet
739 4553 845 4618 codex
862 4549 908 4629 M,
932 4553 967 4614 in
991 4568 1056 4634 quo
1078 4545 1170 4632 πρός
1192 4567 1225 4610 τι
1246 4551 1306 4610 τῶν

84 4661 208 4728 οἰκείων
231 4652 397 4725 ἀνακαλῶν
418 4661 517 4751 ἔργων
541 4664 713 4730 exaratum
736 4665 797 4728 est.
