3092 5236
930 357 971 420 ει
1035 435 1039 442 ,

343 563 517 650 μεταβολάς
550 558 726 650 ἀναγκαίως
757 564 798 631 τά
829 564 932 652 θνητά
965 565 1105 652 δέχεται,
1140 568 1237 654 ἐχρῆν
1271 570 1325 632 καί
1348 567 1393 633 τόν
1419 567 1519 652 πρῶτον

343 675 509 763 ἄνθρωπον
543 676 719 743 ἀπολαῦσαί
750 699 829 756 τινος
863 679 1097 766 κακοπραγίας.
1134 673 1219 765 ἀρχῆ
1254 680 1288 744 δὲ
1323 687 1375 765 τῆς
1405 673 1518 744 ὑπαιτίου

342 788 425 874 ζωῆς
446 787 530 876 αὐτῷ
550 789 666 876 γίνεται
686 789 778 877 γυνή·
801 789 893 877 μέχρι
917 793 971 877 μὲν
992 789 1053 877 γάρ
1077 793 1119 869 είς
1140 791 1189 876 ῆν,
1216 785 1365 878 ὡμοιοῦτο
1389 791 1459 856 κατὰ
1477 794 1520 874 τῆν

342 897 472 985 μόνωσιν
493 899 603 988 κόσμῳ
625 903 680 966 καί
700 903 769 990 θεῷ
791 905 845 968 καί
866 904 922 988 τῆς
945 903 1095 989 ἐκατέρου
1122 901 1243 990 φάσεως
1267 901 1518 990 ἑναπεμάπετοιῆ

308 1013 429 1098 ῡψυχῆ
463 1011 533 1091 τοὺς
564 1020 786 1099 χαρακτῆρας,
820 1013 856 1080 οιί
885 1014 1001 1094 πάντας
1034 1008 1106 1081 ἀλλ’
1138 1014 1229 1094 ὅσους
1255 1024 1396 1102 χωρῆσαι
1418 1017 1520 1080 δυνατόν

341 1121 461 1210 θνητῆν
486 1122 645 1191 σύστασιν·
674 1125 741 1191 ἐπεί
768 1121 797 1191 δ’
827 1125 974 1213 ἐπλάσθη
1002 1129 1057 1192 καί
1083 1125 1172 1213 γυνῆ,
1194 1126 1387 1214 θεασάμενος
1411 1125 1519 1210 ἀδελφόν

342 1236 422 1313 είδος
444 1238 498 1300 καί
520 1237 654 1323 συγγενῆ
677 1238 799 1324 μορφῆυ
827 1236 973 1324 ῆσμὲνισε
1001 1241 1039 1326 τῆ
1062 1239 1126 1326 θέα
1148 1243 1202 1304 καί
1224 1239 1358 1326 προσιών
1377 1238 1519 1325 ἠσπάζετο·

341 1339 363 1431 ῆ
386 1344 417 1411 δ’
441 1346 528 1415 οὐδὲν
551 1349 670 1416 ἐκείνου
692 1349 932 1437 προσβλέπουσα
954 1352 1034 1438 ζῷον
1056 1351 1281 1438 ὲμιρερὲστερον
1309 1353 1398 1438 ἑαυτῆ
1418 1351 1521 1437 γάνυτιί

343 1480 376 1522 τε
413 1461 468 1524 καί
512 1459 830 1548 ἀντιπροσφθέγγεται
869 1457 937 1548 μετ’
982 1463 1101 1542 αἰδοῦς·
1144 1465 1221 1550 ἔρως
1264 1462 1295 1528 δ’
1340 1461 1519 1550 ἐπιγενόμενος

287 1583 322 1628 10
343 1569 492 1657 καθάπερ
516 1571 581 1651 ἑνός
602 1571 683 1660 ζῴου
699 1572 784 1642 διττά
798 1572 945 1662 τμήματα
967 1574 1154 1662 διεστηκότα
1175 1577 1357 1664 ουναγαγιόν
1378 1577 1417 1652 είς
1434 1573 1521 1639 ταύτόν

344 1679 535 1768 άρμόττεται,
557 1683 660 1752 πόθον
681 1685 915 1773 ἐνιδρυσάμενος
944 1687 1082 1775 ἑκατέρῳ
1110 1689 1166 1774 τῆς
1193 1687 1270 1774 πρός
1291 1687 1419 1773 θάτερον
1438 1707 1521 1750 κοινω

343 1793 407 1872 νίας
439 1795 482 1872 είς
512 1794 568 1881 τῆν
595 1799 650 1863 τοῦ
679 1792 784 1885 ὁμοίου
811 1799 943 1885 γένεσιν·
973 1793 990 1864 ὁ
1019 1801 1054 1866 δὲ
1082 1798 1183 1878 πόθος
1216 1799 1304 1878 οότος
1331 1802 1384 1865 καί
1407 1797 1458 1883 τῆν
1480 1797 1522 1860 τῶν

344 1907 494 1995 σωμάτων
519 1907 636 1998 ῆδονῆν
664 1911 835 1998 ἐγέννησεν,
862 1911 929 1998 ῆτις
957 1913 1037 1979 ἐστίν
1065 1911 1265 2001 ἀδικημάτων
1293 1915 1347 1977 καί
1372 1929 1522 1996 παρανομη-

209 2041 234 2093 p.
245 2025 278 2077 37
291 2024 324 2078 M.
344 2019 448 2106 μάτων
476 2021 480 2108 ί
510 2016 612 2110 ἀρχῆ,
640 2018 682 2090 δι’
710 2023 750 2111 ῆν
777 2023 1021 2092 ὑπαλλάττονται
1048 2026 1100 2093 τόν
1127 2024 1242 2112 θνητόν
1263 2029 1319 2091 καί
1339 2024 1521 2110 κακοδαίμονι

287 2146 322 2191 15
345 2133 409 2219 βίον
431 2127 498 2200 ἀντ’
522 2135 682 2203 ἀθανάτου
703 2139 759 2202 καί
781 2136 968 2224 εὐδαίμονος.

429 2271 486 2338 54.
535 2267 609 2339 Ἔτι
658 2276 693 2339 δὲ
742 2275 796 2340 τοῦ
840 2273 951 2360 ἀνδρός
1002 2274 1121 2362 μονήρη
1171 2276 1234 2363 βίον
1280 2276 1405 2357 ζῶντος,
1454 2271 1522 2359 μήτι)

345 2383 591 2469 διαπλασθείσης
611 2387 668 2471 τῆς
688 2386 841 2473 γυναικός,
863 2389 1056 2474 φυτευθῆναι
1076 2388 1169 2475 λόγος
1190 2389 1258 2474 ἔχει
1278 2386 1460 2473 παράδεισον
1481 2377 1521 2446 ἀπὸ

344 2495 423 2559 θεοῦ
445 2504 506 2572 τοῖς
527 2489 604 2582 παρ’
627 2495 701 2584 ῆμίν
723 2494 811 2567 οὐδὲν
832 2499 1054 2585 προσεοικότα·
1083 2507 1143 2567 τῶν
1171 2503 1226 2587 μὲν
1247 2500 1312 2587 γάρ’
1331 2502 1410 2565 ἐστιν
1429 2499 1523 2582 ἀψυγίί

344 2603 464 2690 ῆῦλη,
493 2609 644 2676 παντοίων
672 2610 804 2698 δένδρων
831 2611 1031 2696 κατάπλεως,
1058 2613 1118 2680 τῶν
1145 2615 1199 2699 μὲν
1222 2613 1380 2678 ἀειθαλῶν
1400 2611 1469 2698 πρός
1486 2607 1522 2690 τήν

287 2725 323 2772 2⁰
345 2717 446 2800 ὄψεως
468 2717 652 2788 ἀδιάστατον
678 2715 804 2809 ῆδονῆν,
831 2725 892 2789 τῶν
915 2725 949 2789 δὲ
971 2734 1036 2803 ταίς
1064 2726 1195 2810 ἐαρινοῖς
1218 2725 1311 2812 ὥραις
1332 2717 1470 2811 ῆβιόντων
1488 2719 1523 2783 κί’·

345 2829 586 2916 βλαστανόντων,
609 2836 744 2901 καὶτῶν
767 2838 821 2921 μὲν
843 2834 959 2922 ἥμερον
981 2835 1102 2923 καρπόν
1129 2832 1305 2924 ἀνθρώποις
1332 2835 1483 2922 φερόντων,
1501 2827 1522 2893 οί

343 2942 420 3026 πρός
453 2936 625 3029 ἀναγκαίαν
657 2943 749 3032 μόνον
785 2947 898 3033 χρῆσιν
935 2952 1052 3033 τροφῆς
1084 2941 1167 3016 ἀλλά
1204 2952 1260 3014 καί
1296 2947 1373 3034 πρός
1409 2940 1522 3032 περιττίί

345 3047 514 3122 ἀπόλαυσιν
536 3049 732 3143 ἀβροδιαίτου
753 3058 829 3144 βίου,
847 3065 907 3125 τῶν
926 3052 955 3124 δ’
972 3058 1033 3146 οὐχ
1055 3059 1169 3146 όμοιον,
1186 3060 1219 3139 ὃς
1235 3057 1411 3146 ἀναγκαίως
1431 3055 1523 3142 θηρίίί

345 3159 548 3254 ἀπενεμῆθη·
572 3169 665 3264 Ικατά
697 3171 732 3235 δὲ
764 3169 816 3236 τόν
849 3171 936 3236 θείαν
968 3171 1157 3256 παράδεισον
1190 3174 1317 3259 ἔμψυχα
1353 3175 1408 3236 καί
1440 3163 1522 3252 λογιίί

431 3461 444 3516 1
465 3457 654 3530 ἀναγκαίως
673 3462 725 3517 M:
744 3481 797 3518 om.
816 3463 851 3530 F,
869 3461 1020 3532 ἀναγκαίας
1036 3463 1114 3518 ceteri
1176 3468 1223 3517 καί
1241 3480 1293 3518 om.
1312 3481 1336 3520 a
1397 3465 1414 3518 3
1433 3457 1522 3516 αότοίιι

379 3552 425 3616 μὲν
443 3567 496 3604 0111.
518 3547 541 3602 ί]
619 3551 671 3618 γάρ
694 3551 723 3604 in
740 3568 826 3619 marg.
845 3551 879 3617 A,
898 3569 951 3606 om.
969 3549 1028 3605 BD
1108 3553 1144 3618 τῷ
1167 3556 1230 3620 post
1252 3548 1381 3618 ὥμοιοῦτο
1406 3551 1464 3606 add.
1482 3541 1522 3598 fibri

344 3656 440 3694 omnes
453 3637 608 3707 praeterM
667 3639 840 3706 ίμόνωσιν
859 3638 911 3694 M:
929 3643 1028 3707 γένεσιν
1045 3638 1123 3693 σείοντ’
1153 3641 1186 3692 cf.
1200 3657 1226 3708 p.
1239 3639 1324 3703 6621.
1343 3638 1422 3707 67,10
1482 3637 1522 3684 ἑνί

342 3731 410 3796 τέριμ
429 3725 467 3780 Μ
544 3726 789 3794 ἐναπεμάττετο
813 3727 882 3781 coni.
906 3727 1040 3794 Mangey:
1059 3721 1224 3792 ἀπεμάττετο
1241 3723 1313 3780 codd.
1395 3725 1428 3792 τῆ
1446 3711 1523 3778 οωίί

378 3815 394 3866 6
412 3812 459 3882 τῆν
476 3818 540 3866 ante
558 3814 658 3881 θνητῆν
676 3815 738 3868 add.
758 3812 793 3868 Μ
866 3813 999 3882 ἐπλάσθη]
1018 3813 1133 3880 ἐγενηθη
1153 3811 1190 3865 Μ
1265 3814 1279 3865 7
1298 3815 1446 3879 ἐνησμένισε
1460 3808 1521 3869 Mang·

377 3902 395 3954 8
420 3900 438 3970 ν]
466 3895 490 3953 δ’
515 3899 542 3954 Α
629 3896 686 3953 οὐδ’
716 3904 743 3952 ὲν
770 3903 861 3968 ἐκείνω
888 3917 919 3967 a,
947 3904 1037 3967 ἐκείνῳ
1066 3901 1149 3954 etiam
1175 3898 1237 3953 ΜΗ
1320 3903 1521 3966 ἐμφανέσιερονί

376 3987 497 4057 γάνυται]
509 3987 633 4056 γάννυται
645 3993 701 4054 ab,
713 3990 859 4056 γαυροῦται
871 3985 908 4042 Μ
956 3989 973 4040 9
985 4003 1014 4039 τε
1027 4004 1079 4041 0111.
1094 3985 1131 4040 M
1178 3981 1458 4054 ἀντιπροσφθθγγεται]
1469 3993 1521 4046 προί-

344 4075 501 4144 αγορεόεται
513 4074 551 4129 M
600 4075 777 4142 ἐπιγινόμενος
788 4073 823 4142 Β,
835 4073 975 4143 γενόμενος
988 4071 1025 4128 Μ
1075 4075 1105 4126 11
1124 4066 1283 4142 ἀρμόττεται
1295 4078 1333 4128 b:
1351 4057 1524 4140 ῆρμονίςετυίί

377 4160 543 4230 ἀρμόττοντα
555 4161 818 4229 πόθονὲνίδρυσενα
872 4161 905 4214 14
922 4156 960 4213 δι’
980 4159 1083 4228 ῆνΜι
1102 4156 1134 4212 δι’
1151 4159 1181 4212 οὔ
1198 4158 1275 4214 ceteri
1329 4160 1362 4212 15
1380 4155 1437 4212 ἀντ’
1452 4144 1523 4210 οιιιάί

379 4251 411 4304 16
430 4253 460 4302 δὲ
477 4248 571 4303 καίΙί
651 4251 682 4303 17
706 4253 766 4318 τῆς
787 4246 1049 4324 γυναικόςΜιτῆς
1068 4245 1217 4300 ommam?
1296 4248 1328 4300 ἀί
1346 4247 1408 4300 τῶν
1427 4238 1521 4327 Mfflaj

342 4332 387 4390 τόν
406 4353 474 4390 corr.
493 4353 527 4390 ex
544 4339 594 4390 τῶν
612 4336 651 4400 Η,
674 4337 718 4388 τόν
735 4335 791 4390 KL
871 4336 905 4388 M
928 4333 1009 4402 μόνην
1027 4332 1064 4387 M
1141 4333 1208 4400 πρὸς
1226 4331 1319 4387 0111.I
1396 4333 1432 4386 23
1448 4325 1519 4415 τῶν]

344 4420 403 4492 οόχ
421 4422 535 4492 ὅμοιον
554 4424 667 4492 scripsi:
685 4425 736 4476 τῶν
754 4417 778 4475 δ’
794 4418 844 4489 οὐχ
861 4419 958 4488 ὁμοίων
970 4419 1012 4486 Μ,
1024 4419 1074 4472 τῶν
1087 4414 1112 4472 δ’
1128 4415 1178 4486 οόχ
1195 4417 1285 4485 ὅμοιον
1303 4435 1356 4473 om.
1369 4419 1449 4486 Ηῑω,
1463 4410 1514 4466 τὸίί

344 4505 394 4578 οόχ
414 4510 505 4577 ὅμοιον
523 4508 659 4577 FH'IK,
682 4509 727 4561 τόν
749 4503 774 4561 δ’
796 4503 845 4575 οόχ
867 4507 966 4576 ῆμερον
984 4507 1011 4562 L
1029 4508 1067 4577 (et
1083 4505 1116 4560 K
1134 4507 1164 4562 in
1181 4507 1286 4575 marg),
1307 4507 1352 4559 τὸν
1375 4500 1399 4558 δ’
1423 4503 1520 4570 ἀνῆμείίί

344 4597 500 4664 Οθτάοίορθ.
518 4597 607 4664 Mang.
677 4595 708 4659 ὃς
731 4590 891 4664 ἀναγκαίως]
916 4591 953 4658 αἰς
976 4589 1128 4662 ἀναγκαίως
1146 4591 1187 4660 Μ,
1211 4592 1242 4656 ὃς
1259 4588 1406 4660 ἀναγκαῖος
1425 4594 1462 4662 (ος
1476 4596 1519 4639 νοΐ]

344 4699 378 4737 ex
395 4685 442 4751 ως)
460 4680 494 4748 F,
513 4681 543 4746 ὃς
561 4681 607 4750 (ὣς
625 4679 653 4755 Ι]
671 4678 823 4750 ἀναγκαίως
841 4685 905 4735 ante
922 4681 968 4734 τόν
984 4675 1010 4733 δ’
1026 4677 1077 4748 οὐχ
1093 4679 1185 4749 ὅμοιον
1202 4677 1253 4733 ΙΚ
