3142 5238
297 369 352 434 XL

384 558 480 634 51‚10
508 559 679 639 legebatur
708 557 844 642 ἑκάτερα
872 557 994 641 ἄριστος
1017 556 1123 644 ψυχήν
1144 580 1179 622 τε
1200 562 1255 624 καὶ
1283 567 1391 645 σῶμα.
1424 563 1536 626 codex

300 666 346 730 M
360 668 463 732 tradit
485 667 651 752 ἑκατέρων,
678 669 769 733 unde
792 666 983 752 ἑκάτερον
1011 671 1143 735 restitui
1166 671 1240 736 coll.
1263 673 1358 748 55ss
1381 670 1424 736 τὸ
1451 671 1535 735 καθ’

299 776 448 862 ἑκάτερον
469 777 576 863 ψυχήν
597 799 631 843 τε
653 781 708 842 καὶ
730 785 821 864 σῶμα
842 776 970 856 κάλλος.

383 923 456 1001 66,8
479 924 581 988 verba
604 921 645 988 aiv
668 922 752 1001 ἄξιον
775 916 956 1008 ἀπέχεσθαι
984 944 1053 988 non
1076 926 1203 990 habent
1226 945 1290 1008 quo
1322 925 1533 990 referantur.

299 1034 453 1114 suspicor
476 1054 515 1098 ea
538 1035 573 1098 in
596 1034 747 1116 margine
770 1036 811 1098 ab
836 1035 947 1116 aliquo
970 1035 1096 1099 lectore
1112 1035 1282 1117 adscripta
1304 1036 1533 1102 librariorum

297 1142 395 1224 culpa
417 1144 453 1207 in
476 1148 671 1208 contextum
693 1145 881 1226 irrepsisse.

383 1288 480 1366 66,βο
502 1293 580 1353 ante
604 1287 792 1374 ἐξομοιώσας
821 1291 998 1356 articulum
1021 1283 1037 1354 ὑ
1061 1293 1202 1356 inserui.
1227 1292 1369 1357 subinde
1392 1290 1412 1356 ὃ
1439 1294 1528 1378 πάση

296 1397 519 1482 κατεχρήσατο
541 1400 579 1483 τη
603 1395 693 1485 οὑσίρι
715 1401 859 1464 traditur
880 1401 977 1466 libris
1000 1402 1185 1486 plerisque3
1209 1404 1269 1467 sed
1293 1404 1366 1469 cod.
1386 1403 1444 1470 M:
1470 1404 1529 1468 ὅσα

296 1507 395 1593 πάση,
417 1512 507 1575 unde
530 1508 564 1587 ὃς
586 1504 694 1596 άπάση
720 1514 861 1577 correxi.

380 1666 500 1730 Restat
522 1686 608 1732 unus
632 1668 725 1731 locus
749 1667 901 1748 graviore
926 1668 1116 1748 corruptela
1137 1668 1296 1733 afflictus.
1325 1669 1425 1749 4232
1440 1691 1525 1754 sqq.

295 1776 373 1839 libri
396 1778 630 1860 manuscripti
654 1779 738 1842 haec
760 1779 912 1842 tradunt:
936 1770 1035 1860 εὑρεῖν
1058 1775 1202 1861 (εὐρείαις
1217 1780 1257 1862 a)
1279 1778 1340 1863 γάρ
1364 1780 1453 1843 ἔστιν
1475 1779 1524 1845 ὅτε
1563 1759 1564 1800 ³

295 1883 409 1949 κόλποι
432 1885 562 1970 (κόλπον
578 1889 617 1971 α)
641 1886 804 1970 θαλάττης
826 1881 1033 1972 ὑποσυρείσης
1056 1881 1279 1972 (ὑποσυράσαις
1294 1891 1334 1972 α)
1358 1887 1524 1975 ἀμπώτεσι

297 1994 398 2082 βαθὺς
420 1997 471 2079 (ἐκ
494 1996 615 2084 βάθους
632 1998 687 2081 Μ)
710 1998 854 2083 ἐξαίφνης
877 1997 1016 2082 αἰγιαλὸς
1039 1998 1187 2084 (αἰγιαλοὶ
1207 1999 1262 2083 Μ)
1285 2001 1349 2084 ἵησι
1373 2002 1460 2082 (om.
1479 2002 1523 2078 ll,

296 2109 401 2172 εἴσεισι
434 2111 474 2190 a)
518 2111 574 2173 καὶ
613 2107 721 2194 μικρὸν
760 2104 886 2192 ὕστερον
927 2107 1141 2193 άναχυθείσης
1183 2108 1307 2195 πελάγη
1354 2110 1523 2197 βαθύτατα

295 2217 465 2302 (ὤτρὺησαν
493 2221 568 2285 add.
595 2220 649 2302 M)
672 2218 708 2283 οὑ
738 2219 899 2304 βραχείαις
926 2212 1055 2284 ὁλκάσιν
1079 2212 1160 2284 ἀλλά
1189 2219 1387 2306 μυριοιρόροις
1415 2225 1523 2288 ναυσίν

295 2328 506 2414 ἐμπλεάμενα.
538 2351 595 2396 eas
619 2332 781 2396 lectiones
806 2351 888 2414 quas
911 2332 1008 2397 uncis
1032 2333 1153 2396 inclusi
1176 2335 1233 2397 aut
1262 2338 1441 2415 corruptas
1468 2339 1522 2399 aut

296 2442 506 2506 coniecturas
541 2463 616 2507 esse
647 2448 745 2525 atque
776 2442 916 2507 ornnino
951 2442 1139 2506 reiciendas
1168 2443 1264 2507 facile
1297 2443 1520 2527 intellegitur.
1564 2485 1565 2500 ι

295 2552 355 2615 sed
371 2571 479 2634 neque
502 2545 600 2636 εὑρεῖν
623 2554 702 2617 ἔστιν
725 2551 777 2617 ὅτε
799 2550 913 2617 κόλποι
936 2573 1054 2635 graece
1071 2554 1136 2618 dici
1158 2559 1272 2635 potest
1287 2574 1398 2638 neque
1422 2553 1520 2639 εὑρεῖν

294 2663 397 2727 habet
431 2684 573 2746 quocum
608 2666 844 2746 coniungatur.
875 2664 997 2728 deinde
1030 2666 1095 2747 ίησι
1122 2665 1175 2728 vel
1207 2665 1320 2747 potius
1350 2666 1416 2749 ίησι
1444 2688 1519 2748 per-

295 2774 475 2838 obscurum
499 2780 565 2858 est3
590 2775 714 2839 fallitur
737 2776 827 2838 enim
849 2776 988 2839 Mueller
1007 2775 1146 2838 verbum
1170 2774 1245 2838 ίὲναι
1267 2776 1445 2841 notionem
1470 2779 1517 2841 in·

294 2886 506 2950 transitivam
540 2886 783 2968 prorumpendi
821 2890 853 2949 et
887 2885 1070 2949 invadendi
1107 2886 1232 2950 habere
1268 2906 1371 2968 posse
1410 2893 1517 2953 ratus

294 2997 463 3061 sententia
477 2997 542 3061 loci
565 2998 599 3060 ni
615 2997 713 3061 fallor
735 2999 818 3061 baec
835 3000 900 3060 est:
925 2993 1087 3058 interdum
1109 2993 1212 3073 είκιιε,
1235 3015 1307 3059 eum
1326 3016 1416 3060 mure
1430 3003 1517 3062 aestu

292 3105 483 3171 decrescente
499 3106 621 3184 recedit,
644 3105 745 3170 albite
761 3105 964 3188 profundum
985 3105 1062 3169 litus
1083 3103 1171 3184 fiunt
1186 3110 1217 3169 ei
1231 3105 1329 3188 paule
1346 3110 1422 3188 posi
1436 3127 1518 3189 αρνιμ
1565 3187 1566 3192 ¹

292 3217 446 3296 refluente
467 3216 572 3282 maru
588 3215 853 3300 profirndbsimu.
878 3217 918 3281 cf.
936 3217 977 3280 de
998 3221 1127 3299 septen.
1141 3217 1239 3294 t5‚14
1261 3217 1477 3301 (Tischeud.)
1500 3218 1518 3300 τ’,
1565 3221 1566 3232 ’

293 3325 366 3412 οὑχὶ
379 3337 444 3404 ταῖς
462 3325 626 3412 αὑξήσεσιν
638 3325 734 3411 αὑτῆς
751 3325 938 3411 ἀναχέονται
953 3328 1087 3412 ποταμοὶ
1102 3328 1156 3390 καὶ
1172 3329 1272 3412 πηγαὶ
1289 3329 1344 3390 καί
1362 3328 1517 3413 μειοῦνται

294 3436 387 3503 πάλιν
416 3437 560 3523 μειώσεσι
589 3440 642 3501 καὶ
670 3436 794 3522 πελάγη
822 3439 892 3500 τστέ
920 3439 975 3521 μὲν
998 3436 1192 3521 ἐξαναχωρεῖ
1216 3439 1271 3501 καὶ
1300 3431 1518 3522 άμπωτίζοντα

293 3541 489 3632 ὑποσύρεται,
512 3550 582 3612 τοτὲ
605 3547 632 3611 δ’
658 3547 840 3626 ἐξαπιναίως
862 3547 1016 3632 ἐπιτρέχει
1047 3548 1129 3611 κατά
1154 3546 1352 3632 παλίρροιαν.
1376 3551 1517 3614 verbum

293 3652 393 3743 εὑρεῖν
415 3665 609 3742 corruptum
632 3680 708 3724 esse
732 3680 772 3723 ex
797 3657 937 3742 εὑρεῖς,
960 3655 1076 3723 utlaii
1100 3660 1193 3723 sinus
1217 3659 1395 3724 commode
1412 3679 1515 3741 oppo-

292 3777 416 3836 nantur
442 3769 605 3852 profluuio
634 3771 734 3847 litori,
768 3770 836 3834 iam
864 3770 990 3833 dudum
1020 3770 1241 3846 conieceram‚
1275 3774 1395 3851 postea
1429 3772 1514 3834 hanc

294 3883 522 3946 coniecturam
559 3881 673 3946 codice
702 3879 737 3944 F
762 3880 993 3945 confirmatam
1020 3879 1147 3943 inveni.
1177 3883 1249 3943 tum
1276 3899 1338 3961 pro
1367 3881 1433 3965 ίησι
1461 3901 1514 3944 ex-

292 3994 514 4076 spectaverint
536 3991 679 4076 γίνονται,
703 3993 884 4074 quodcum
908 3990 1045 4054 ninrisa
1067 3989 1192 4053 tradita
1216 3991 1381 4071 scriptura
1403 3992 1513 4056 distet.

292 4105 441 4188 quamvis
466 4103 658 4168 dubitanter
681 4101 757 4167 είσί
786 4101 916 4183 scripsi,
946 4100 1035 4182 quod
1059 4104 1093 4163 ct
1115 4100 1294 4164 Turnebus
1317 4099 1366 4179 (in
1389 4121 1512 4182 appen-

292 4215 379 4298 dice)
410 4219 442 4280 ot
464 4213 637 4280 Markland
666 4213 712 4292 (in
743 4213 832 4278 notis
860 4231 959 4276 mser.
983 4211 1026 4276 ad
1050 4211 1126 4274 edit.
1152 4210 1314 4291 Turncbi)
1344 4229 1511 4275 commen·

292 4325 468 4392 duvcrunt.
500 4325 559 4390 scd
588 4324 733 4390 fortusse
761 4329 840 4405 post
870 4319 1029 4407 άμπιίτεσι
1058 4321 1184 4403 aliquid
1220 4321 1391 4392 intercidit
1425 4322 1509 4385 velut

292 4441 487 4522 μειοῦνται
508 4441 541 4502 ct
566 4433 707 4500 stiltiudo
732 4435 894 4516 scriptum
917 4433 979 4497 fuit
997 4434 1062 4495 καί
1085 4431 1187 4516 βαθὺς
1210 4431 1353 4516 ἐξαίφνης
1376 4429 1510 4515 αἰγιαλὸς

291 4544 417 4612 άνιισι
439 4548 491 4612 vol
522 4545 630 4612 siurilo
660 4545 795 4630 aliquid,
823 4549 852 4608 et
880 4541 981 4608 credito
1004 4540 1207 4625 profundum
1230 4541 1306 4606 litas
1321 4540 1508 4624 prorumpit,

291 4654 328 4722 τ’νι
351 4659 544 4740 corripiuntur
572 4653 664 4720 ιννιίί.
