3092 5236
792 1167 890 1250 Loci
916 1169 1059 1250 selecti

434 1296 479 1370 ad
501 1296 757 1370 illustrandam
778 1297 944 1370 Philonei
966 1297 1085 1370 libelli
1106 1295 1308 1368 doctrinam
1330 1295 1463 1370 idonei.

340 1558 427 1636 ull:
451 1556 607 1639 Epicur.
630 1577 682 1640 ap.
705 1557 800 1639 Πίος.
823 1558 878 1622 Le.
901 1559 931 1622 X
954 1559 995 1622 39
1023 1557 1165 1642 (Usener
1191 1557 1324 1640 Epicur.
1351 1578 1383 1640 p.
1408 1556 1471 1640 6‚l)
1494 1555 1527 1617 κοί

405 1667 466 1754 μὴν
487 1669 542 1731 καί
563 1665 598 1732 τό
619 1674 681 1733 πᾶν
709 1666 758 1732 ἀεὶ
784 1670 921 1736 τοιοῦτον
948 1667 988 1755 ἠν
1015 1670 1078 1735 οἷον
1105 1669 1156 1736 νῦν
1184 1669 1248 1733 ἐστι
1270 1670 1325 1732 καὶ
1348 1666 1398 1732 ἀεὶ
1420 1668 1526 1732 τοιοῦτον

404 1780 505 1844 ἔσται·
533 1776 627 1846 οὐθέν
653 1777 714 1865 γάρ
741 1780 821 1846 ἐστιν
848 1781 890 1858 είς
918 1778 935 1844 δ
964 1779 1151 1868 μεταβάλλει
1184 1779 1372 1867 (μεταβαλεῖ
1400 1781 1526 1860 Usener).

396 1893 517 1980 ,Aelius
550 1893 639 1958 Plac.
673 1893 787 1972 114,st
823 1892 926 1977 (Diels
965 1894 1109 1976 Doxogr.
1143 1913 1175 1975 p.
1205 1892 1281 1977 33u)
1316 1889 1528 1976 Ξενοφάνης,

401 2002 662 2089 Παρμενίδης,
695 2003 893 2081 Μέλισσος
921 2002 1070 2091 ἀγένητον
1098 2006 1153 2069 καί
1182 2002 1279 2068 ἀίδιον
1307 2005 1361 2067 καί
1389 2003 1527 2089 ἄφθαρτα

402 2114 453 2180 τόν
475 2113 602 2201 κόσμον.
646 2117 719 2181 Aet.
743 2117 831 2181 Plac.
855 2118 882 2180 ll
903 2117 953 2196 ul
979 2118 1082 2201 (Diels
1105 2118 1249 2199 Dexogr.
1273 2138 1305 2200 p.
1322 2115 1398 2200 330)
1424 2114 1528 2180 Πυθι·

405 2227 524 2314 γόρας
551 2230 605 2293 καί
630 2227 791 2295 Πλάτων
818 2230 873 2293 καὶ
901 2229 931 2294 οί
957 2227 1123 2295 Στωικοὶ
1150 2229 1282 2316 γενητὸν
1309 2222 1369 2293 ὑπό
1397 2229 1477 2293 θεοῦ
1498 2224 1529 2289 τόν

402 2361 529 2425 κοσμον.

338 2481 521 2562 u‚17sqq.:
554 2479 627 2543 Aet.
661 2480 750 2544 Plac.
783 2479 891 2558 1335
925 2479 1028 2564 (Diels
1066 2481 1211 2562 Doxogr.
1250 2500 1283 2562 p.
1316 2477 1390 2563 289)
1430 2474 1530 2562 Ζηνυν

402 2589 546 2656 Μνασέου
574 2588 696 2667 Κιτιεὺς
723 2586 824 2676 ἀρχάς
852 2591 907 2677 μὲν
934 2588 986 2655 τόν
1015 2589 1091 2658 θεόν
1118 2592 1172 2655 καὶ
1199 2588 1256 2675 την
1284 2587 1370 2675 ὕλην,
1395 2589 1441 2655 ὥν
1463 2582 1529 2672 ὁμέν

403 2703 466 2767 ἐστι
493 2703 547 2766 τοῦ
574 2711 670 2768 ποιεῖν
699 2703 805 2780 αἴτιος,
834 2699 915 2788 ηδέ
936 2704 990 2768 τοῦ
1012 2702 1160 2788 πάσχειν,
1187 2710 1326 2788 στοιχεῖα
1349 2702 1383 2765 δὲ
1408 2702 1530 2782 τέσσαρα

338 2883 340 2890 ,
401 2816 494 2897 Diog.
517 2817 574 2880 La.
597 2815 652 2878 VII
679 2816 739 2880 134
762 2816 853 2879 δοκεῖ
871 2812 900 2878 δ’
926 2813 1027 2892 αὐτοῖς
1054 2814 1239 2900 (Stoicis)
1268 2810 1369 2899 ἀρχάς
1397 2811 1530 2881 εἶναιτῶν

403 2926 482 2992 ὅλων
511 2925 582 3010 δύο,
611 2925 646 2990 τό
675 2927 781 2992 ποιοῦν
807 2930 861 2990 καὶ
889 2925 923 2991 τό
952 2925 1089 3013 πάσχον·
1118 2927 1153 2992 τό
1177 2929 1232 3013 μέν
1257 2925 1310 2992 οὖν
1331 2923 1461 3011 πάσχον
1481 2925 1531 2988 τίνα

402 3039 458 3123 τὴν
481 3037 589 3104 ἄποιον
612 3031 733 3122 οόσίοιν,
755 3036 812 3124 την
834 3033 924 3124 ὓλην,
953 3037 988 3104 τό
1011 3040 1046 3103 δέ
1074 3044 1180 3104 ποιοῦν
1207 3036 1260 3103 τόν
1288 3038 1320 3104 έν
1349 3033 1433 3124 αὐτῇ
1455 3035 1530 3119 λόγον,

402 3149 453 3216 τόν
475 3149 566 3216 θεόν·
589 3151 696 3215 τοῦτον
717 3148 778 3236 γάρ
808 3147 905 3215 αἰίδιον
933 3148 1006 3215 ὄντα
1034 3148 1085 3215 διά
1114 3148 1218 3235 πάσης
1240 3146 1335 3235 αὐτῆς
1358 3149 1531 3234 δημιουργεῖν

403 3263 537 3326 έκαστα.
560 3261 666 3346 τίθησι
689 3262 723 3325 δὲ
745 3260 779 3326 τό
802 3259 905 3347 δόγμα
926 3262 1016 3327 τοῦτο
1044 3260 1174 3348 Ζήνων
1196 3263 1251 3346 μέν
1273 3254 1290 3324 ό
1313 3259 1440 3338 Κιτιεὺς
1462 3261 1489 3324 ἐν
1505 3255 1535 3338 τῷ

402 3376 472 3458 περί
501 3371 621 3457 οὐσίας,
649 3371 857 3459 Κλεάνθης
886 3371 915 3437 δ’
941 3374 972 3439 ἐν
999 3374 1042 3460 τῷ
1071 3376 1142 3458 περὶ
1164 3371 1301 3459 ἀτόμων,
1324 3370 1532 3456 Χρύσιππος

403 3484 432 3550 δ’
464 3486 495 3551 έν
521 3488 560 3571 τι]
588 3484 696 3571 πρώτη
722 3486 782 3552 τῶν
813 3487 950 3570 φυσικῶν
977 3486 1054 3572 πρός
1075 3487 1118 3572 τῷ
1139 3486 1236 3569 τέλει,
1261 3471 1530 3572 Ἀρχέδημοςῖ

403 3599 435 3662 έν
463 3598 505 3683 τῷ
538 3599 609 3682 περὶ
641 3596 802 3683 στοιχείων
833 3600 889 3662 καὶ
920 3597 1178 3676 Ποσειδώνιος
1206 3599 1238 3663 έν
1265 3598 1308 3684 τῷ
1337 3598 1474 3684 δευτέρῳ
1496 3591 1529 3658 τοῦ

401 3715 532 3794 φυσικοῦ
553 3707 665 3794 λόγου.
689 3709 788 3796 (135).
813 3760 869 3775 ...
893 3712 925 3777 έν
946 3732 981 3775 τε
1003 3711 1079 3777 εἶναι
1105 3711 1182 3776 θεόν
1204 3713 1258 3775 καί
1279 3717 1350 3776 νοῦν
1372 3712 1431 3774 καὶ
1453 3709 1529 3794 είμαρ

402 3821 496 3906 μένην
523 3823 578 3884 καὶ
605 3820 662 3884 Δία
690 3821 819 3898 πολλαῖς
840 3844 874 3886 τε
898 3822 1015 3908 ἑτέραις
1044 3815 1220 3910 όνομασίοιις
1248 3821 1529 3908 προσονομάζεσθαι

401 3935 493 3999 Sexi.
526 3934 598 3998 adv.
633 3935 791 3999 mathem.
829 3935 873 3998 IX
902 3937 937 3999 11
968 3932 1004 3998 σι’)
1034 3933 1095 4020 μην
1122 3929 1205 3998 άλλόι
1236 3936 1291 3998 καί
1318 3933 1353 3998 οί
1385 3931 1463 3998 ἀπό
1488 3929 1531 4011 τῆς

400 4043 523 4122 Στοᾶς
551 4043 605 4109 δύο
632 4044 774 4131 λέγοντες
803 4042 919 4131 ἀρχάς,
954 4045 1031 4111 θεόν
1059 4049 1113 4110 καί
1145 4045 1253 4112 ἄποιον
1285 4045 1379 4132 ὕλην,
1412 4046 1468 4110 τόν
1496 4043 1530 4126 μθ

401 4155 478 4224 θεὸν
499 4166 594 4223 ποιεῖν
617 4149 814 4244 ὑπειλήφασι,
841 4158 897 4243 την
924 4159 958 4222 δὲ
981 4157 1058 4242 ὕλην
1079 4157 1212 4243 πάσχειν
1238 4179 1272 4222 τε
1294 4160 1349 4222 καί
1371 4155 1531 4242 τρέπεσθαι

401 4271 531 4335 Seneca
553 4272 658 4354 Epist.
682 4273 754 4351 652
777 4261 891 4336 άοοανιό
918 4274 956 4335 ut
983 4270 1044 4336 scc's
1072 4269 1199 4336 Stoici
1219 4270 1323 4336 nostrl
1344 4270 1407 4335 ότιο
1430 4290 1493 4333 esse
1510 4265 1529 4326 ω

399 4401 508 4446 rerum
534 4385 664 4463 καίκνυι,
695 4403 733 4446 ec
759 4381 873 4464 quibus
900 4381 1008 4447 omnia
1033 4381 1125 4464 ficret,
1155 4403 1282 4448 causum
1308 4385 1338 4446 ct
1369 4381 1531 4446 ωαίενιίιτντ

399 4491 534 4558 materia
560 4493 640 4560 ιὀιοοί
666 4492 764 4574 iners,
791 4515 842 4558 ree
869 4495 911 4559 ccl
938 4493 1047 4560 οωκία
1067 4498 1195 4578 ματαία,
1224 4499 1384 4560 cessatura
1409 4493 1441 4557 ei
1463 4505 1531 4558 κων

399 4609 533 4684 ωοοοαί;
560 4626 656 4671 ccccc
682 4609 797 4687 cutem,
825 4605 860 4670 οἰί
888 4611 933 4671 est
960 4606 1052 4688 ruico,
1084 4605 1249 4672 materiem
1276 4606 1532 4689 {cumuletque

399 4737 522 4798 cunque
543 4716 611 4781 υνίό
631 4721 743 4798 cusat,
766 4739 804 4782 erc
819 4718 873 4784 ίίίοι
887 4718 979 4784 ταινία
993 4740 1085 4803 opere
1102 4719 1266 4804 producit.
1290 4742 1354 4786 esse
1373 4739 1448 4804 erqo
1469 4714 1533 4783 ἀείτί
