3092 5236
574 411 615 486 47

493 509 694 520 κ--ῌ

15 624 112 714 ἐνηται
144 627 183 694 τά
216 623 338 715 ἄρρητα
372 625 467 716 ῥητά.
502 627 549 695 διό
583 651 634 716 μοι
667 631 811 696 δοκοῦσιν
843 625 873 694 σί
899 625 939 694 τά
971 623 1108 716 ὀνόματα
1140 637 1202 708 τοῖς

15 739 164 827 ιράγμασιν
186 740 218 820 ἐξ
243 739 347 827 ἀρχῆς
369 741 607 827 ἐπιφημίσαντες
635 741 689 809 ἅτε
711 745 803 828 σοφοὶ
829 741 962 808 καλέσαι
988 740 1041 808 τόν
1068 740 1202 828 ἀριδμόν

15 852 67 916 τιτά
88 845 150 918 ἀπὸ
171 858 226 918 τοῦ
247 855 318 938 περί
340 845 433 918 αύτόν
455 853 615 941 σεβασμοῦ
642 856 697 920 καί
718 861 774 940 τὴς
800 851 978 939 προσούσης
999 852 1200 940 σεμνότητος·

15 962 131 1054 βωμοῖσι
158 965 195 1029 δὲ
221 966 276 1029 καί
302 964 521 1049 προστιθέντες
541 964 577 1031 τό
600 965 764 1051 ἐλλειφθὲν
785 959 839 1051 ὑφ’
864 958 1028 1051 Ἑλλήνων
1049 975 1202 1052 στοιχεῖον

15 1073 252 1162 όΣτρανσῦσιν
280 1077 325 1143 ἐτι
352 1077 471 1165 μᾶλλον
498 1077 555 1162 τὴν
582 1079 723 1164 ἔμφασιν,
748 1076 951 1165 ἐτυμώτερον
965 1077 1082 1165 σέπτεμ
1107 1099 1202 1163 προσ·
1245 1091 1259 1134 5

15 1187 187 1274 γορεύοντες
209 1181 272 1254 ἀπό
293 1190 347 1254 τοῦ
370 1195 493 1275 σεμνοῦ,
515 1187 666 1275 καθάπερ
690 1189 823 1276 ἐλέχθη,
845 1191 901 1254 καί
922 1189 1090 1276 σεβασμοῦ.

73 1325 127 1392 43.
172 1325 282 1391 Ταῦτα
303 1329 358 1391 καί
380 1327 424 1391 ἐτι
444 1325 542 1392 πλείω
563 1326 687 1413 λέγεται
709 1330 764 1392 καί
789 1326 1002 1413 φιλοσοφεῖται
1023 1330 1094 1412 περὶ
1116 1327 1203 1415 ἐβδο-

15 1435 93 1520 ιάδος,
108 1427 150 1504 ῶν
172 1439 267 1504 ἕνεκα
289 1437 378 1523 τιμάς
393 1440 448 1524 μὲν
470 1437 586 1525 ἐλαχεν
608 1440 640 1505 ἐν
661 1440 700 1526 τὴ
723 1437 813 1524 φύσει
834 1439 890 1517 τάς
909 1437 1066 1522 ἀνωτάτω,
1082 1440 1204 1525 τιμᾶται

15 1549 97 1612 ἐκαὶ
117 1547 206 1634 παρὰ
226 1559 289 1627 τοῖς
311 1546 533 1635 δοκιμωτάτοις
554 1531 615 1616 τῶν
631 1543 795 1635 Ἑλλὴνων
816 1552 871 1615 καί
894 1549 1068 1638 βαρβάρων,
1098 1552 1128 1615 οἳ
1147 1549 1204 1637 τὴν

15 1659 218 1746 ιαδηματικὴν
259 1661 432 1748 ἐπιστήμην
479 1663 688 1747 διαπονοῦσιν,
737 1662 933 1748 ἐκτετίμηται
981 1660 1012 1726 δ’
1046 1656 1106 1727 ύπό
1150 1665 1204 1729 τοῦ
1227 1675 1260 1718 1⁰

15 1771 151 1856 ιιλαρέτου
170 1771 319 1856 Μωσέως,
338 1771 372 1851 ὃς
388 1774 423 1839 τό
440 1773 558 1852 κάλλος
576 1767 671 1860 αῦτὴς
689 1772 863 1860 ἀνέγραψεν
886 1775 917 1839 ἐν
939 1783 1005 1851 ταῖς
1027 1773 1204 1859 ίερωτάταις

15 1887 46 1946 τοῦ
78 1883 170 1971 νόμου
209 1883 352 1971 στὴλαις,
390 1895 456 1963 ταῖς
492 1887 528 1950 δέ
564 1886 711 1964 διανοίαις
745 1891 806 1951 τῶν
841 1879 896 1971 ὑφ’
932 1883 1024 1951 αύτόν
1060 1880 1204 1952 ἀπάντων

15 1993 172 2080 νεχάραξε,
203 1993 243 2060 δι’
276 1997 308 2076 ἐξ
338 1990 464 2083 ἡμερῶν
491 1997 644 2075 κελεύσας
670 1998 756 2084 ἄγειν
785 1995 869 2082 ἱεράν
896 1997 1033 2084 ἑβδόμην
1061 1996 1123 2062 ἀπό
1145 2000 1205 2064 τῶν

15 2104 91 2171 ίλλων
119 2106 288 2194 ἀνέχοντας
316 2110 415 2194 ἐργων
443 2103 503 2174 όσα
529 2111 613 2174 κατά
640 2108 769 2196 ζὴτησιν
798 2109 864 2196 βίου
893 2111 948 2174 καί
974 2109 1138 2196 πορισμόν,
1162 2111 1206 2176 ἑνί

15 2216 72 2304 ιόνῳ
100 2219 313 2306 σχολάζοντας
341 2227 384 2307 τῷ
413 2220 591 2307 φιλοσοφεῖν
620 2223 661 2300 είς
689 2221 846 2309 βελτίωσιν
874 2220 964 2307 ἡδῶν
992 2224 1047 2287 καί
1074 2223 1126 2289 τόν
1150 2223 1205 2287 τοῦ
1227 2237 1262 2281 15

15 2329 157 2409 ιυνειδότος
181 2331 324 2418 ἐλεγχον,
347 2329 381 2410 ὃς
403 2333 594 2419 ἐνιδρυμένος
615 2339 654 2419 τὴ
677 2334 765 2419 ψυχὴ
791 2331 942 2419 καθάπερ
972 2332 1120 2419 δικαστὴς
1142 2335 1205 2398 ἐπι-

15 2439 129 2527 ιλὴττων
156 2441 195 2508 ού
224 2445 427 2530 δυσωπεῖται,
454 2445 493 2510 τοὶ
522 2448 577 2531 μέν
605 2445 827 2530 σφοδροτέραις
854 2443 995 2523 ἀπειλαῖς
1022 2444 1061 2510 τά
1089 2447 1124 2510 δὲ
1151 2449 1205 2511 καὶ

77 2686 91 2737 β
108 2686 296 2754 πράγμασιν
314 2685 351 2740 Μ
366 2687 447 2752 (coni.
466 2687 591 2758 Mfiller):
615 2688 765 2756 γράμμασιν
782 2685 859 2742 ceteri
937 2687 986 2740 ἅτε
1004 2692 1082 2754 σοφοί
1100 2705 1154 2742 om.
1173 2686 1210 2741 M

33 2771 71 2821 τὸν
92 2789 142 2826 om.
167 2771 191 2826 I
274 2775 291 2826 3
316 2769 407 2837 αὐτόν]
431 2770 514 2827 αὐτοῦ
536 2773 595 2827 BD
686 2776 704 2827 4
726 2773 922 2844 προστιθέντες]
948 2771 1105 2842 ἀγνοοῦντες
1127 2791 1205 2841 προσ-

15 2858 103 2911 ίδενται
120 2858 155 2913 Μ
242 2861 324 2913 5καί
341 2864 478 2927 τρανοῦσιν
496 2860 532 2916 Μ
618 2863 827 2929 ἐτυμώτερον
849 2860 886 2915 Μ
897 2865 1092 2978 εμὲτυμοτέραν
1118 2859 1206 2927 ΗΙΚ,

15 2983 156 3047 ποιμοτέραν
183 2979 267 3037 FLa
354 2985 463 3050 σέπτεμ]
492 2986 571 3036 σεπτέ
598 2981 639 3047 Μ,
665 2987 744 3036 σέπτε
770 2988 818 3039 ab
843 2985 932 3053 (σέπτε
950 2982 991 3050 Κ)
1079 2999 1206 3049 προσονο-

15 3063 115 3132 ιάζοντες
137 3067 174 3121 Μ
247 3070 264 3121 6
287 3072 427 3136 σεβασμίου
451 3069 511 3122 ΜΟ
597 3071 688 3122 7καί
714 3073 762 3122 ἐτι
789 3074 891 3124 πλείω
915 3068 967 3123 M:
992 3071 1030 3121 ἐτι
1053 3085 1106 3122 om.
1129 3067 1208 3122 oeten·

36 3152 156 3221 8τιμάς
175 3153 226 3208 M:
245 3155 322 3223 τιμὴς
344 3155 422 3210 ceteri
509 3157 569 3220 τάς
590 3151 745 3210 ἀνωτάτω
764 3155 816 3210 M:
840 3159 873 3224 εὴ
898 3157 978 3226 (corr.
1002 3173 1035 3208 ex
1056 3155 1115 3224 τὴς)
1141 3151 1206 3208 ἀνω-

15 3237 64 3290 ιοίτω
73 3241 107 3308 Η,
119 3246 167 3310 τὴς
181 3238 308 3296 ἀνωτάτω
320 3241 450 3310 F21Ka,
459 3247 492 3310 τὴ
503 3239 629 3296 ἀνωτάτω
637 3242 668 3297 F
674 3243 710 3297 ¹L
720 3244 824 3313 (Turn.)
871 3245 944 3297 9καί
953 3249 1017 3296 ante
1027 3244 1101 3310 παρὰ
1110 3260 1164 3297 om.
1174 3241 1212 3295 M

38 3328 79 3377 τῶν
106 3344 157 3383 υιιι.
187 3333 208 3384 b
306 3331 338 3382 12
364 3325 410 3396 ὑφ’
437 3328 517 3383 αύτόν
547 3329 699 3386 FABOb:
724 3327 769 3398 ὑφ’
796 3329 881 3384 αῦτῶν
911 3329 953 3393 D,
988 3325 1034 3382 ὑπ’
1065 3326 1144 3382 αύτὸν
1175 3327 1211 3382 Μ

37 3413 63 3466 13
79 3417 223 3484 ἐνεχάραξε
240 3415 289 3470 M:
310 3434 363 3472 om.
375 3415 414 3482 D,
433 3417 549 3484 ἐχάραξε
565 3416 643 3470 σείοντ’
713 3419 798 3486 ἱεράν]
815 3416 919 3486 ἡμέραν
931 3416 960 3471 E
977 3419 1058 3486 (teste
1070 3415 1207 3485 Mangeio)

37 3497 253 3571 Ῑόάνέχοντεςῦ
305 3503 341 3568 ῶς
356 3503 588 3559 πιιίοὲνίιιόύΜ
638 3506 672 3558 15
682 3505 800 3572 μόνονΙλ
852 3506 941 3573 τῶ]τό
955 3503 986 3556 D
1023 3505 1209 3558 17καίοιιι.α

82 3714 109 3764 11
129 3730 191 3782 sqq.
211 3714 246 3766 de
263 3714 310 3767 vit.
328 3714 396 3768 Mos.
414 3715 440 3767 Π
454 3713 503 3767 167
521 3715 620 3782 ταύτης
633 3719 714 3768 ἕνεκα
725 3717 774 3782 τὴς
787 3717 871 3777 αἰτίας
883 3710 897 3765 ό
911 3707 997 3765 πάντα
1016 3716 1100 3780 μέγας
1111 3714 1209 3779 Μωσὴς

15 3797 131 3851 ἐδικαίωσε
148 3801 212 3863 τούς
230 3803 412 3867 ἐγγραφέντας
430 3798 512 3853 αῦτοῦ
531 3804 563 3867 τὴ
582 3804 645 3869 ἱερᾷ
668 3804 787 3868 πολιτείᾳ
809 3803 918 3867 δεσμοῖς
942 3799 1046 3866 φύσεως
1065 3802 1210 3865 ἑπομένους

15 3887 184 3951 ιανηγυρίςειν,
208 3889 236 3937 ἐν
258 3887 363 3952 ίλαραῖς
386 3886 526 3954 διάγοντας
545 3881 690 3955 εύδυμίαις,
715 3882 859 3953 ἀνέχοντας
882 3890 929 3953 μέν
947 3890 1031 3954 ἐργων
1049 3889 1096 3938 καί
1113 3887 1210 3952 τεχνῶν

15 3970 50 4018 ιῶν
66 3975 99 4034 εἰς
116 3972 241 4039 πορισμὸν
258 3976 306 4024 καί
323 3976 510 4040 πραγματειῶν
522 3973 583 4026 ὅσαι
594 3975 666 4026 κατὰ
679 3978 734 4040 βίου
753 3967 868 4041 ξὴτησιν,
888 3972 1003 4041 ἄγοντας
1020 3976 1050 4025 δέ
1062 3975 1210 4039 ἐκεχειρίαν

15 4058 48 4104 ιιιί
63 4060 240 4126 διαφειμένους
257 4058 345 4126 πάσης
364 4059 488 4112 ἐπιπόνου
507 4065 555 4114 καί
566 4061 728 4130 καματηράς
740 4064 887 4127 φροντίδος,
905 4059 1086 4127 σχολάζοντας
1105 4055 1155 4124 ούχ
1173 4055 1210 4122 ιῦς

15 4141 63 4194 ἔνιοι
85 4149 192 4211 γέλωσιν
214 4145 232 4215 ἡ
257 4150 373 4212 παιδιαῖς
394 4147 412 4215 ἡ
437 4153 521 4216 μίμων
544 4145 562 4216 ἡ
587 4144 724 4216 ὀρχηστῶν
747 4151 893 4213 ἐπιδείξεσι,
917 4189 923 4201 .
943 4188 949 4200 .
969 4189 975 4201 .
995 4142 1065 4198 ἀλλά
1084 4145 1155 4213 μόνῳ
1172 4143 1210 4210 τῷ

15 4229 154 4298 φιλοσοφεῖν,
174 4228 224 4300 ούχ
241 4233 307 4300 ὅπερ
327 4235 516 4301 μεδοδεύουσιν
534 4240 559 4286 οῖ
576 4238 729 4303 λογοδὴραι
746 4240 793 4288 καί
812 4239 940 4303 σοφισταί,
959 4228 1091 4287 ...ἀλλά
1109 4235 1146 4298 τῷ
1157 4231 1210 4284 ὄντι

15 4315 155 4385 φιλοσοφεῖν,
174 4319 239 4387 ὅπερ
258 4324 291 4372 ἐκ
308 4319 385 4386 τριῶν
404 4321 570 4388 συνύφανται,
590 4322 775 4388 βουλευμάτων
797 4326 844 4376 καί
866 4315 952 4388 λόγων
969 4321 1016 4371 καί
1034 4319 1154 4386 πράξεων
1173 4323 1211 4381 είς

15 4399 35 4450 ἓν
50 4407 112 4468 εἶδος
128 4403 298 4474 ἡρμοσμένων
316 4407 383 4474 πρός
400 4407 492 4476 κτὴσιν
509 4413 556 4460 καί
574 4403 720 4460 ἀπόλαυσιν
733 4405 911 4476 εὐδαιμονίας.
931 4407 966 4459 de
984 4410 1109 4474 septena.
1122 4405 1209 4458 11282

15 4483 192 4552 [Tischendorf
204 4495 313 4548 Philon.
332 4511 358 4563 p.
378 4495 447 4564 2526)
465 4496 617 4562 προστάξας
635 4499 723 4562 μέντοι
741 4497 775 4564 μὴ
796 4499 926 4548 διαπονεῖν
943 4500 998 4556 τοῖς
1021 4493 1122 4559 σώμασι
1138 4491 1210 4544 κατά

15 4573 53 4637 τίς
70 4580 213 4647 ἑβδομάδας
231 4586 319 4650 ἐφῆκε
330 4583 380 4646 τάς
391 4578 514 4649 ἀμείνους
527 4583 635 4650 πράξεις
647 4585 785 4635 ἐπιτελεῖν·
805 4581 882 4635 αῦται
900 4575 924 4633 δ’
940 4584 1004 4632 εἰσίν
1023 4583 1050 4631 αί
1062 4579 1105 4630 διά
1122 4577 1211 4645 λόγων

15 4665 52 4711 καί
64 4666 195 4732 δογμάτων
208 4672 258 4721 τῶν
271 4664 335 4722 κατ’
355 4663 465 4737 ἀρετὴν·
484 4674 625 4738 προτρέπει
639 4670 691 4737 γάρ
710 4673 862 4736 φιλοσοφεῖν
875 4669 904 4720 τό
925 4669 1042 4733 βελτιοῦν
1059 4665 1106 4734 τὴν
1124 4665 1211 4733 ψυχὴν

15 4751 52 4796 καί
68 4751 108 4803 τόν
123 4751 240 4821 ἡγεμόνα
257 4759 326 4808 νοῦν.
