3092 5236
513 393 718 496 L

4 605 300 692 εροσυποδεικτέον.
334 601 463 692 ἀπόχρη
492 605 528 670 δέ
561 602 689 674 κάκεῖνο
722 607 921 693 προσθεῖναι,
949 600 995 672 ότι
1022 605 1077 674 καί
1104 603 1143 694 τῇ
1171 604 1225 673 τοῦ

4 717 114 796 εαντός
150 717 283 805 οὐρανοῦ
314 741 349 786 τε
387 722 442 785 καί
481 718 602 806 κόσμου
641 719 760 804 γενέσει
792 720 920 806 γέγονεν
956 713 1058 806 ἀρχή·
1092 719 1132 785 τά
1163 719 1226 805 γάρ

4 831 136 917 έτταρα
164 842 319 920 στοιχεῖα,
347 832 379 910 ἐξ
401 831 444 898 ῶν
465 831 537 898 τόδε
561 831 596 896 τό
617 838 680 898 πᾶν
703 832 959 918 ἐδημιουργηθη,
987 830 1140 917 καθάπερ
1163 831 1226 898 ἀπό

4 950 104 1029 τηγῆς
132 943 228 1030 ἐρρύη
251 950 308 1030 τῆς
330 944 362 1009 έν
384 935 529 1029 ἀριθμοῖς
550 941 707 1029 τετράδος·
740 944 796 1008 καί
817 941 894 1028 πρός
916 943 1033 1022 τούτοις
1055 945 1088 1008 αί
1110 943 1226 1028 ἐτήσιοι

4 1053 73 1139 δραι
103 1055 268 1140 τέτταρες,
302 1055 335 1120 αί
361 1053 451 1140 ζῴων
478 1057 533 1120 καί
559 1055 661 1139 φυτῶν
688 1055 781 1120 αἰτίαι
807 1055 972 1140 γενέσεως,
1005 1056 1143 1142 τετραχῆ
1171 1055 1226 1122 τοῦ
1248 1066 1261 1110 ⁵

4 1169 143 1233 ινιαυτοῦ
166 1167 408 1254 διανεμηθέντος
430 1168 473 1244 εἰς
488 1173 629 1254 χειμῶνα
643 1169 699 1232 καί
714 1169 771 1252 ἐαρ
786 1170 842 1232 καί
856 1167 952 1252 θέρος
965 1170 1020 1233 καὶ
1036 1165 1225 1254 μετόπωρον.

86 1279 148 1346 17.
195 1278 359 1365 Τοσαόιης
380 1277 434 1346 οὖν
457 1272 643 1358 ἀξιωθέντος
665 1280 697 1344 έν
719 1281 758 1366 τῇ
781 1278 871 1365 φύσει
885 1280 1055 1367 προνομίας
1075 1281 1131 1345 τοῦ
1152 1280 1226 1367 λεχ-

4 1392 109 1470 θέντος
141 1385 291 1478 ἀριθμοῦ,
319 1391 404 1456 κατά
431 1389 621 1478 τάναγκαῖον
643 1387 660 1457 ό
683 1391 815 1479 ποιητὴς
843 1391 1002 1480 διεκόσμει
1022 1391 1075 1460 τόν
1098 1392 1227 1479 οὐρανόν

4 1504 125 1589 τετράδι
148 1503 306 1590 παγκοὶλιμ
333 1507 389 1568 καί
413 1503 641 1591 θεοειδεστοίτῳ
667 1503 787 1591 κόσμῳ,
809 1515 872 1583 τοῖς
892 1505 1069 1592 φωσφόροις
1088 1505 1226 1592 ἄστροις·

4 1615 87 1694 είδῶς
118 1639 157 1682 τε
185 1615 231 1682 ότι
257 1615 318 1682 τῶν
345 1615 439 1682 ὄντων
467 1615 592 1701 ἄριστον
618 1615 654 1682 τό
677 1624 743 1701 φῶς
771 1617 884 1704 ἐστιν,Ι
916 1617 1048 1703 ὄργανον
1074 1617 1150 1684 αότό
1171 1619 1228 1704 τῆς
1245 1640 1271 1692 p.
1288 1621 1368 1677 1111.

4 1727 129 1814 ἀρίστης
153 1735 214 1794 τῶν
236 1727 418 1813 αἰσθήσεων
440 1721 580 1814 ὁράσεως
602 1727 783 1813 ἀπέφαινεν·
800 1728 876 1814 ὅπερ
898 1729 959 1815 γάρ
981 1731 1051 1808 νοῦς
1074 1730 1106 1796 ἐν
1128 1731 1226 1816 ψυχῇ,
1249 1746 1283 1789 11

4 1839 83 1905 τοῦτ’
110 1839 281 1926 ὀφθαλμὸς
303 1841 335 1906 έν
357 1837 490 1926 συίματι·
515 1839 622 1926 βλέπει
643 1838 704 1926 γάρ
728 1838 885 1926 έκάτερος,
909 1834 927 1905 ὁ
950 1843 1005 1927 μέν
1026 1841 1065 1907 τά
1087 1834 1227 1927 νοητά,ό

4 1951 34 2015 δέ
55 1951 97 2017 τά
121 1951 277 2038 αἰσθηταί·
301 1961 407 2038 χρεῖος
429 1949 457 2017 δ’
484 1950 501 2016 ὁ
523 1955 579 2039 μὲν
605 1959 676 2030 νοῦς
704 1952 877 2039 ἐπιστήμης
899 1954 941 2031 εἰς
962 1952 997 2018 τό
1019 1953 1167 2040 γνωρίσαι
1188 1951 1228 2018 τά

4 2061 174 2150 ἀσώματα,
203 2063 369 2150 ὀφθαλμός
392 2065 427 2128 δέ
454 2063 556 2149 φωτός
583 2065 625 2142 εἰς
652 2063 709 2150 την
736 2065 797 2131 τῶν
824 2063 976 2151 σωμοίτων
1005 2063 1181 2150 ἀντίληψιν,
1210 2063 1227 2128 δ

4 2176 127 2242 πολλῶν
157 2178 212 2262 μὲν
239 2178 294 2240 καί
321 2175 425 2242 ἄλλων
454 2169 586 2261 ἀγαθῶν
613 2178 708 2242 αίτιον
736 2177 864 2262 γέγονεν
897 2174 1087 2262 ἀνθρώποις,
1122 2178 1227 2261 διαφε-
1250 2191 1285 2235 15

5 2287 115 2370 ρόντως
139 2290 177 2354 δέ
197 2295 252 2353 τοῦ
275 2287 430 2374 μεγίστου,
453 2288 651 2373 φιλοσοφίας·
675 2281 734 2353 ὑπό
762 2289 824 2374 γάρ
850 2287 951 2374 φωτός
978 2289 1042 2356 ἀνω
1063 2311 1228 2375 παραπεμ-

7 2401 122 2483 φθεῖσα
152 2394 174 2486 ἡ
202 2399 308 2485 ὅρασις
334 2403 390 2465 καί
417 2401 589 2466 κατιδοῦσα
617 2400 706 2485 φύσιν
734 2399 873 2486 ἀστέρων
899 2404 955 2466 καί
981 2401 1101 2488 κίνησιν
1128 2399 1229 2468 αὐτῶν

7 2511 196 2598 ἐναρμόνιον,
225 2505 372 2579 ἀπλανῶν
399 2535 434 2578 τε
460 2515 516 2578 καὶ
541 2512 707 2599 πλανήτων
729 2511 764 2578 εὖ
786 2515 1027 2600 διατεταγμένας
1049 2513 1228 2600 περιφοράς,

10 2630 65 2689 τῶν
87 2627 144 2711 μέν
167 2622 252 2689 κατὰ
278 2617 377 2688 ταότά
404 2626 460 2688 καὶ
488 2618 634 2703 ῶσαότως
661 2625 919 2710 περιπολοόντων,
941 2634 1002 2693 τῶν
1024 2624 1053 2691 δ’
1078 2620 1230 2713 ἀνομοίως

10 2739 120 2800 τεκαὶ
148 2730 335 2813 ὑπεναντίως
361 2736 473 2814 διτταῖς
500 2735 653 2822 περιόδοις
674 2737 859 2824 χρωμένων,
885 2739 1014 2825 χορείας
1041 2759 1075 2804 τε
1107 2737 1229 2804 πάντων
1249 2755 1286 2804 νο

94 2893 106 2943 1
132 2892 298 2961 προσθεῖναι]
322 2894 461 2960 δειχθῆναι
482 2889 571 2944 BDE
651 2896 708 2945 καί
729 2895 768 2959 τῇ
788 2891 830 2947 V:
853 2896 900 2945 καί
922 2909 975 2946 om.
1000 2897 1062 2961 ab,
1084 2897 1131 2945 καί
1152 2890 1170 2961 ἡ
1196 2892 1233 2947 Μ

45 2978 208 3034 :nomo
260 2982 361 3046 γενέσει
370 2976 472 3032 om.M
520 2980 693 3046 3τέσσαραί)
746 2978 983 3048 1πηγῆς]γῆςΙι’
1032 2978 1090 3048 τῆς]
1106 2987 1161 3043 τοῖς
1178 2979 1229 3032 OD

44 3067 170 3132 τετράδος
189 3070 217 3118 έν
235 3061 359 3133 ἀριθμοῖς
376 3063 436 3118 BD
506 3066 590 3133 τούτῳ
611 3061 665 3119 Mb
737 3066 882 3134 έτησιαιῠ
952 3068 1111 3133 5τέτταρες
1134 3065 1227 3122 VFa:

16 3153 132 3219 τέσσαρες
152 3151 212 3208 Mb
289 3154 318 3204 αἳ
339 3153 452 3219 ζῴωνῶ
532 3156 651 3208 αίτιαιί)
731 3151 930 3220 6μεθόπωρον
944 3151 971 3207 V
1045 3154 1171 3206 8κατά
1194 3155 1228 3206 τό

18 3230 196 3306 ἀναγκαῖον
220 3238 255 3294 V:
277 3235 340 3292 κατ’
366 3231 513 3306 ἀναγκαίαν
535 3238 614 3293 ceteri
683 3242 699 3293 9
722 3239 859 3306 τετράδι
882 3237 1010 3294 VMFa:
1034 3243 1062 3292 ἐν
1085 3241 1229 3307 τετρόδιῶ

48 3321 236 3394 φοσφόροιςίί
310 3326 343 3378 10
360 3323 453 3394 ὄντων]
473 3325 615 3393 νοητῶνί7
687 3327 717 3379 11
743 3325 894 3395 αἰσθήσεως
917 3323 1079 3392 όροίσεωνίί
1151 3323 1229 3379 ἀπέ-

18 3424 122 3471 φαινεν
142 3411 232 3466 VF':
255 3407 391 3478 ἀπέφηνεν
412 3410 491 3464 σείοντ’
561 3409 710 3475 όνοῶςθ
777 3415 855 3479 έντῇ
879 3415 994 3479 ψυχῇα
1065 3414 1098 3466 11
1116 3413 1228 3468 τοῦτοὸ

19 3487 151 3565 ὀφθαλμός
176 3497 213 3567 Ρ,
240 3493 317 3550 τοῦθ’
346 3495 491 3564 ὀφθαλμός
516 3495 543 3552 V
613 3499 646 3550 τοὶ
670 3498 753 3566 νοητοὶ
778 3496 872 3553 VPb:
895 3499 928 3550 τοὶ
960 3498 1025 3551 ὄντα
1055 3501 1139 3567 νοητοί
1167 3498 1230 3555 Ma

49 3579 112 3636 δδέ
131 3582 200 3640 VP:
219 3583 234 3637 ό
254 3579 278 3636 δ’
301 3583 335 3638 αό
352 3583 430 3638 ceteri
506 3586 539 3638 13
556 3591 646 3651 χρεῖος
666 3583 759 3640 VPb:
778 3585 872 3652 χρῄζει
890 3583 953 3640 Ma
1034 3589 1080 3652 μέν
1099 3603 1152 3641 orn.
1170 3584 1230 3639 BD

48 3671 176 3740 γνωρίσαι]
196 3673 334 3738 θεωρῆσαι
351 3669 396 3724 F²
475 3670 508 3723 14
529 3667 710 3737 ὀφθαλμός
728 3670 762 3738 Ρ,
781 3667 933 3738 ὀφθαλμοῖς
948 3670 984 3726 V:
1003 3668 1141 3740 ὀφθαλμοί
1152 3671 1230 3728 σείοντ’

50 3757 94 3807 τῶν
109 3760 265 3824 σωματικῶν
276 3755 304 3810 Ρ
374 3758 407 3810 15
421 3760 502 3810 αίτιον
514 3761 623 3825 γέγονεν
638 3756 793 3812 VMFAC:
811 3761 920 3826 γέγονεν
938 3761 1020 3812 αἴτιον
1036 3757 1102 3824 BD,
1121 3764 1229 3828 γέγονεν

20 3846 97 3896 0111.b
148 3845 182 3898 16
194 3846 421 3911 παραπεμφθείσα
436 3842 564 3901 VMFa:
583 3847 765 3911 πεμφθείσαῡ
820 3840 949 3911 17ἡοιῐι.
963 3843 1050 3898 MAG
1100 3842 1228 3915 ἀστέρων]

23 3920 97 3979 αὐτῶν
112 3929 170 3985 BD
221 3929 371 3985 κείνισινίί
421 3926 517 4000 αὐτῶν]
530 3925 649 3997 ἀστέρων
660 3929 719 3984 BD
782 3931 815 3984 18
833 3930 986 3998 ἐναρμόνιον
1005 3936 1069 3986 ante
1088 3927 1174 3985 αὐτῶν
1186 3930 1228 3996 Μ,

23 4011 163 4080 ἐναρμονίαν
180 4016 211 4072 F
270 4018 400 4084 ἐπιφοροίς
417 4015 477 4072 BD
539 4018 571 4070 19
589 4017 662 4070 κατὰ
680 4019 765 4069 ταῦτα
788 4015 849 4071 VM
851 4035 875 4074 α
935 4021 984 4070 καί
1002 4035 1055 4072 om.
1074 4016 1111 4071 M
1177 4021 1229 4070 τῶν

25 4097 49 4146 δέ
64 4096 154 4168 ὁμοίως
168 4102 196 4160 V
262 4105 297 4157 10
314 4121 343 4156 τε
361 4109 426 4158 ante
443 4107 491 4156 καί
509 4120 563 4158 om.
581 4102 611 4157 F

100 4225 112 4276 1
131 4243 192 4294 sqq.
216 4227 251 4280 de
275 4227 361 4294 plant.
384 4225 465 4279 1347
483 4225 532 4288 τός
557 4241 587 4276 τε
608 4225 672 4292 γοῦν
696 4225 742 4276 τοῦ
760 4223 859 4290 παντός
878 4227 960 4291 ῥίζας,
984 4227 1012 4286 ἐξ
1031 4223 1066 4276 ῶν
1083 4220 1098 4274 ό
1117 4222 1228 4293 κόσμος,

26 4304 138 4375 τέτταρας
156 4317 221 4364 είναι
239 4315 396 4379 συμβέβηκε,
414 4313 465 4379 γῆν
477 4309 548 4376 ὕδωρ
560 4305 631 4376 ἀέρα
643 4312 709 4378 πῦρ·
727 4315 774 4362 καί
786 4312 835 4375 τοὶς
847 4315 966 4379 ἐτησίους
979 4310 1051 4377 ῶρας
1064 4311 1227 4378 ἰσαρίθμους,

27 4395 127 4455 χειμῶνα
142 4402 189 4450 καί
207 4399 288 4465 θέρος
305 4402 353 4451 καί
370 4399 419 4462 τάς
437 4400 579 4464 μεθορίους
597 4400 646 4465 ἐαρ
665 4414 695 4450 τε
711 4401 759 4449 καί
781 4397 942 4465 μετόπωρον.
1014 4398 1047 4449 10
1070 4398 1105 4450 de
1127 4397 1228 4452 viatim.

29 4475 93 4532 offer.
109 4482 131 4536 Π
147 4485 198 4538 163
216 4484 308 4552 ὅρασις
327 4487 374 4552 μέν
392 4486 450 4551 φῶς
467 4484 496 4536 τό
515 4483 659 4537 κάλλιστον
677 4487 705 4536 ἐν
722 4490 780 4548 ταίς
799 4480 899 4548 οὐσίαις
916 4481 976 4551 όρᾷ.
1012 4483 1120 4552 Fragm.
1139 4485 1228 4538 11665

30 4565 96 4630 μέρος
112 4565 133 4621 δ’
154 4575 207 4624 ἐστὶ
224 4576 275 4625 τῶν
293 4575 415 4640 θυρίδων,
438 4573 510 4638 λέγω
534 4565 566 4640 δὴ
591 4574 643 4624 τῶν
669 4572 826 4640 αἰσθήσεων,
844 4569 861 4639 ἡ
880 4570 981 4637 ὅρασις,
1000 4573 1058 4622 ἐπεί
1075 4574 1123 4623 καί
1140 4573 1228 4638 ψυχῆς

31 4647 126 4708 μάλιστα
141 4659 277 4728 συγγενής,
296 4658 386 4726 ὅτιπερ
403 4662 451 4711 καί
468 4660 650 4728 τῶκαλλίστφ
663 4658 815 4726 τῶνόντων,
834 4661 908 4725 φωτί,
926 4661 1012 4710 οἰκεία
1029 4660 1077 4710 καί
1095 4654 1229 4724 ὑπηρέτης

30 4735 71 4785 τῶν
86 4741 164 4799 θείων.
1214 4749 1215 4754 ’

1061 4814 1077 4866 2
