3092 5236
576 403 616 469 79

44 617 210 682 διπλασίου
233 618 269 682 δὲ
290 622 350 683 τῶν
374 613 425 703 ιβ’·
447 621 491 702 τῷ
513 615 575 701 γάρ
598 611 681 700 αὐτῷ
704 611 829 702 ἀριθμῷ
850 616 890 680 τοὶ
912 615 944 681 θ’
972 613 1120 702 ὑπερέχει
1141 617 1201 682 τῶν

44 729 154 815 ἀκρων
175 732 230 794 καί
251 723 452 816 ὑπερέχεται.
474 728 605 792 ποιεῖδὲ
619 725 676 812 την
689 727 903 814 γεωμετρικὴν
925 727 1092 815 ἀναλογίαν
1108 728 1201 815 μέσος

42 841 196 927 ληφθείς·
221 840 259 908 ἀν
280 840 342 928 γάρ
364 840 459 928 ἥμισυ
481 838 576 905 αὑτοῦ
597 837 743 927 λάβωμεν
764 839 866 927 τόνγ’
889 844 945 906 καί
966 839 1127 907 διπλάσιον
1147 841 1200 907 τὸν

44 954 95 1040 ιβ’,
125 955 211 1020 ἔσται
236 947 309 1040 ἡμῖν
336 946 358 1039 ἡ
385 951 581 1039 γεωμετρικὴ
610 950 762 1038 ἀναλογία
789 951 818 1040 γ’
841 952 866 1021 ς’
890 952 944 1041 ιβ’·
967 959 1009 1040 τῷ
1031 954 1092 1041 γὰρ
1115 947 1199 1039 αὑτῶ

41 1064 132 1153 λόγῳ
159 1064 199 1131 τά
226 1064 251 1133 ς’
280 1065 340 1132 τῶν
367 1063 473 1150 ἀκρων
500 1063 647 1153 ὑπερέχει
674 1088 707 1132 τε
735 1069 790 1132 καί
817 1061 1017 1154 ὑπερέχεται,
1045 1065 1073 1154 γ’
1097 1065 1122 1135 ς’
1151 1065 1200 1154 ιβ’,

42 1177 185 1242 τουτέστι
205 1178 249 1264 τῷ
272 1177 433 1264 διπλασίῳ.
1277 1267 1281 1272 ¹

5 1300 77 1379 ί,15
101 1321 191 1383 sqq.:
214 1301 334 1365 Theon
357 1302 488 1385 Smyrn.
511 1321 543 1383 p.
567 1301 681 1381 114‚14
703 1298 855 1387 ἀρμονικη
878 1299 914 1364 δέ
936 1300 1015 1365 ἐστιν
1037 1297 1199 1386 ἀναλογία,

44 1408 173 1477 ἐπειδάν
200 1418 290 1496 τριῶν
318 1409 398 1497 ὅρων
428 1411 643 1497 προτεθέντων
670 1410 705 1478 δν
730 1413 798 1498 ἔχει
825 1407 919 1498 λόγον
940 1409 957 1476 ὑ
979 1417 1100 1497 πρῶτος
1124 1412 1201 1497 πρὸς

43 1523 100 1590 τόν
132 1523 245 1609 τρίτον,
279 1523 332 1589 τόν
365 1521 458 1589 αὑτὸν
486 1521 590 1608 η’τοῦ
616 1521 739 1609 πρώτου
772 1516 915 1609 ὑπεροχὴ
948 1523 1025 1608 πρὸς
1056 1521 1113 1608 την
1145 1525 1199 1589 τοῦ

45 1635 194 1721 δευτέρου
217 1629 377 1721 ὑπεροχὴν
398 1636 470 1722 ἔχη.

5 1757 95 1836 ί,10;
119 1757 200 1823 Gell.
222 1757 260 1822 N.
283 1757 322 1822 A.
345 1755 470 1836 ffl10‚3
493 1754 624 1820 ἀνουίοε
651 1773 771 1838 quoque
796 1755 845 1822 ait
877 1756 1031 1842 (Varro)
1059 1755 1096 1822 ιἰι
1122 1756 1202 1822 caelo

44 1866 168 1933 circum
188 1866 419 1952 ίοκρίίκάίνιουι
440 1866 514 1933 axis
534 1873 648 1952 septem
669 1889 741 1934 esse.

5 1977 91 2069 2,15'
103 2010 192 2073 sqq.:
215 1991 306 2057 Sext.
322 1991 396 2055 adv.
412 1991 515 2056 math.
530 1991 575 2055 IX
590 1992 631 2057 79
647 2041 655 2058 .
672 2042 680 2058 .
697 2040 704 2056 .
727 1989 811 2055 κατά
831 1988 892 2076 γάρ
914 1989 970 2068 τὰς
991 1993 1046 2076 τῆς
1067 1989 1201 2078 σελήνης

47 2098 194 2187 αὑξησεις
215 2103 270 2166 καί
289 2102 411 2187 φθίσεις
424 2100 529 2167 πολλὰ
549 2103 611 2168 τῶν
631 2125 670 2168 τε
681 2103 822 2189 ἐπιγείων
837 2100 924 2189 ζώων
943 2103 997 2166 καί
1018 2102 1202 2170 θαλασσίων

47 2213 153 2297 φθίνει
179 2235 214 2278 τε
241 2215 296 2277 καί
324 2213 461 2298 αὔξεται,
489 2212 643 2301 ἀμπώτεις
668 2236 703 2280 τε
729 2217 784 2279 καί
810 2213 1023 2300 πλημμυρίδες
1044 2214 1115 2300 περί
1135 2237 1202 2282 τινα

49 2324 131 2411 μέρη
158 2326 214 2410 τῆς
241 2324 409 2412 θαλάσσης
435 2326 584 2412 γίνονται.
613 2320 759 2405 ώσαὺτως
787 2327 903 2391 δὲκαὶ
930 2324 1013 2391 κατά
1040 2348 1121 2404 τινας
1142 2334 1203 2394 τῶν

50 2437 188 2523 ἀστέρων
221 2438 363 2517 ἐπιτολάς
395 2442 450 2504 καὶ
482 2439 582 2519 δόσεις
618 2440 789 2527 μεταβολαί
824 2445 878 2504 τοῦ
914 2438 1112 2525 περιέχοντος
1148 2443 1202 2505 καί

48 2550 254 2637 παμποίκιλοι
275 2555 346 2638 περὶ
366 2550 419 2619 τόν
441 2551 520 2639 ἀέρα
541 2555 653 2639 τροπαί
675 2552 906 2640 συμβαίνουσιν,
929 2545 981 2617 ότέ
1009 2553 1063 2638 μέν
1090 2552 1140 2617 ἐπὶ
1168 2551 1203 2616 τὸ

48 2673 189 2750 κρεῖττον
212 2663 263 2729 ὑτὲ
285 2665 320 2729 δέ
341 2665 496 2752 λοιμικῶς.

6 2785 79 2864 2,17
97 2806 186 2868 sqq.:
202 2786 322 2851 Theon
339 2788 470 2870 Smyrn.
485 2808 518 2870 p.
533 2787 645 2865 148‚17
661 2782 738 2869 πρὸς
753 2785 788 2848 δέ
802 2784 859 2870 την
872 2783 987 2870 χρόνου
1003 2785 1203 2872 διαρίθμησιν

48 2898 105 2960 καὶ
126 2897 183 2982 τήν
210 2903 271 2964 τῶν
296 2898 457 2985 περιγείων
484 2899 539 2962 καί
566 2896 721 2982 ἀπογείων
750 2895 927 2983 μεταβολήν
955 2891 1077 2982 ἐγένετο
1099 2889 1120 2983 ἡ
1143 2898 1220 2963 τῶν·

49 3009 259 3096 πλανωμένων
279 3009 363 3095 φορά
384 3009 510 3094 ποικίλη
534 3031 578 3086 τις
591 3005 656 3095 ἤδη
672 3017 888 3094 συνεστηκυῖα,
911 3006 991 3072 ώστε
1014 3004 1203 3077 ἀκολουθεῖν

49 3119 130 3207 αὑτῇ
143 3122 177 3186 τὸ
193 3122 345 3188 ἐνταῦθα·
361 3131 427 3199 ταῖς
437 3119 498 3209 γάρ
512 3119 627 3188 τούτων
640 3130 768 3206 τροπαῖς
781 3118 968 3205 προσιόντων
979 3122 1034 3184 καί
1051 3119 1202 3188 ἀπιόντων

51 3231 304 3320 συμμεταβάλλει
324 3236 380 3298 καί
400 3231 561 3300 τάνταῦθα
581 3232 747 3310 παντοίως.
769 3254 802 3316 p.
820 3233 912 3312 149,7
928 3233 983 3296 καί
1003 3229 1065 3318 γάρ
1086 3232 1204 3318 γένεσις

49 3346 106 3408 καί
144 3345 253 3430 φθορά
288 3347 360 3430 περὶ
396 3345 498 3412 πάντα
539 3344 701 3412 τάνταῦθα
737 3346 792 3408 καί
828 3342 954 3429 αὔξησις
989 3345 1044 3408 καί
1081 3345 1204 3431 μείωσις

51 3455 215 3535 ἀλλοίωσίς
240 3479 275 3523 τε
301 3458 432 3524 παντοία
459 3460 515 3523 καί
539 3451 562 3544 ἠ
591 3455 675 3523 κατὰ
702 3456 796 3522 τόπον
817 3455 943 3540 ποικίλη
967 3454 1065 3541 φορά.
1088 3456 1204 3524 τούτων

51 3569 96 3652 δέ,
126 3568 218 3654 φησίν
245 3569 557 3655 (Empedocles),
590 3572 671 3634 αἴτια
703 3568 742 3633 τά
770 3566 957 3654 πλανώμενα
982 3574 1043 3634 τῶν
1071 3567 1202 3655 ἄστρων.

51 3682 199 3746 Macrob.
223 3701 342 3747 comm.
365 3683 400 3747 in
423 3683 538 3748 Somn.
563 3682 774 3765 Scip.16‚47
798 3684 911 3763 septem
941 3699 1061 3762 ᾳκοοιιο
1085 3701 1205 3768 papan·

52 3791 135 3857 tium
159 3792 365 3876 ερίωονανιινα
393 3793 536 3860 ordinem
563 3793 612 3858 ι’ίίί
641 3791 806 3876 stelliferae
838 3797 868 3857 et
894 3811 1000 3858 omnes
1027 3791 1203 3858 continent·

51 3903 182 3968 εαίνίοώί
215 3904 335 3988 artifex
368 3904 567 3988 ίυόιὺοαίοικε
599 3903 818 3990 providentia,
852 3924 933 3986 ςιιοο
967 3909 998 3969 et
1032 3903 1205 3988 superioris

53 4013 175 4098 rapidis
196 4015 328 4082 motibus
349 4016 510 4083 obviarent
531 4021 562 4082 et
582 4015 739 4100 ι’ωίονωνο
760 4015 869 4081 omma
887 4015 1111 4102 ρυόονωονοωί.

9 4142 77 4220 ώβι
101 4144 194 4228 Diog.
216 4146 272 4210 La.
296 4147 351 4210 VH
375 4148 437 4211 140
465 4147 496 4211 ἐν
525 4147 560 4210 δὲ
586 4151 629 4232 τῶ
651 4143 760 4231 κόσμῳ
790 4146 887 4232 μηδὲν
910 4146 984 4211 εἶναι
1005 4143 1105 4228 κενόν,
1129 4137 1201 4209 ἀλλ’

54 4254 196 4342 ἡνῶσθαι
225 4255 331 4324 αὑτόν·
359 4260 450 4323 τοῦτο
478 4257 540 4345 γάρ
569 4257 756 4345 ἀναγκάζειν
782 4258 840 4344 την
865 4259 926 4324 τῶν
953 4256 1102 4342 οὐρανίων
1127 4256 1205 4343 πρὸς

55 4367 93 4434 τά
116 4369 235 4455 ἐπίγεια
257 4369 426 4457 σύμπνοιαν
447 4374 501 4436 καί
522 4371 688 4438 συντονίαν.

10 4484 84 4568 λίςίθ
110 4512 196 4575 sqq.:
218 4492 292 4558 Aet.
314 4492 530 4573 Plac.1v4,4
552 4493 655 4578 (Diels
678 4493 823 4574 Doxogr.
844 4512 876 4574 p.
893 4489 968 4574 390)
991 4489 1021 4554 οί
1042 4479 1205 4554 Στωικοί

57 4601 87 4681 ἐξ
110 4600 192 4667 ὀκτώ
214 4609 316 4689 μερῶν
331 4626 407 4689 φασι
422 4603 601 4671 συνεστάναι
624 4603 806 4689 (animam),
828 4601 920 4667 πέντε
935 4603 990 4688 μὲν
1009 4602 1069 4668 τῶν
1092 4602 1205 4688 αἰσθη-

58 4715 147 4781 τικῶν
168 4713 314 4801 ὁρατικοῦ
337 4714 525 4783 ἀκουστικοῦ
541 4715 747 4802 όσφραντικοῦ
769 4715 932 4803 γευστικοῦ
955 4708 1096 4797 ἀπτικοῦ,
1112 4715 1205 4779 ἕκτου
