3142 5238
505 959 767 1038 ΦΙΛΩΝΟΣ

135 1100 253 1167 ΠΕΡΙ
281 1100 375 1167 ΤΗΣ
403 1100 540 1166 ΚΑΤΑ
567 1099 736 1166 ΜΩΣΕΑ
763 1096 1131 1164 ΚΟΣΜΟΠΟΙΙΑΣ.

557 1244 710 1251 ———

109 1327 141 1394 l.
186 1327 256 1394 Τῶν
285 1324 388 1394 ἀλλων
416 1328 596 1415 νομοθετῶν
618 1328 648 1392 σί
670 1329 724 1413 μὲν
747 1323 972 1391 ἀκαλλώπιστα
1000 1327 1056 1390 καί
1081 1325 1182 1412 γυμνά
1204 1323 1243 1390 τά
1261 1347 1287 1398 p.
1302 1332 1314 1383 1
1329 1331 1363 1386 M.

25 1440 210 1525 νομισθέντα
231 1438 309 1525 παρ’
334 1436 436 1518 αὐτοῖς
465 1441 541 1516 εἶναι
569 1439 675 1504 δίκαια
697 1437 884 1521 διετάξαντο,
912 1439 942 1502 οί
969 1439 1004 1502 δὲ
1030 1436 1127 1504 πολὺν
1150 1437 1245 1523 ὄγκον

25 1560 86 1628 τοῖς
118 1549 253 1636 νοήμασι
285 1550 586 1638 προσπεριβαλόντες
619 1548 814 1634 ἐξετόφωσαν
852 1549 892 1614 τά
930 1548 1060 1635 πλήθη,
1102 1551 1246 1636 μυθικοῖς

25 1661 184 1747 πλάσμασι
205 1662 262 1748 τὴν
276 1661 433 1748 ἀληθειαν
454 1660 687 1746 ἐπικράψαντες.
731 1660 850 1746 Μωσῆς
871 1659 902 1724 δ’
927 1659 1076 1747 ἑκάτερον
1098 1659 1246 1748 ὑπερβάς,

25 1773 59 1836 τό
81 1776 136 1858 μὲν
159 1769 200 1852 ὡς
216 1774 373 1840 ἄσκεπτον
391 1777 447 1839 καί
467 1773 686 1859 ἀταλαίπωρον
704 1776 760 1838 καὶ
776 1771 975 1859 ἀφιλόσοφον,
991 1774 1026 1838 τό
1043 1769 1072 1838 δ’
1091 1771 1133 1851 ὥς
1154 1796 1246 1840 κατε·
1289 1791 1302 1835 σ

27 1885 196 1970 ψευσμὲνον
223 1889 278 1951 καί
307 1885 419 1971 μεστόν
451 1887 606 1973 γοητείας,
634 1885 804 1973 παγκάλην
837 1887 892 1950 καί
924 1885 1115 1974 σεμνοτάτην
1143 1885 1247 1973 ἀρχὴν

28 1995 192 2083 ἐποιήσατο
215 2002 276 2064 τῶν
301 1997 413 2086 νόμων,
438 1997 510 2086 μήτ’
529 1997 624 2076 εὐθὺς
645 1997 745 2085 ἃχρη
769 1997 912 2083 πράττειν
929 1997 951 2084 ἦ
967 1997 1141 2064 τούναντίον
1162 1992 1245 2064 ὑπει-

26 2107 88 2174 πων
104 2109 178 2196 μήτ’
193 2111 300 2196 ἐπειδη
316 2112 519 2197 προτυπῶσαι
533 2108 588 2188 τάς
603 2112 739 2188 διανοίας
753 2117 813 2177 τῶν
834 2110 1040 2196 χρησαμένων
1060 2119 1124 2188 τοῖς
1142 2109 1246 2197 νόμοις

28 2218 192 2306 ἀναγκαῖον
207 2221 247 2307 ἦν
268 2221 389 2308 μύθους
409 2221 643 2309 πλασάμενοςῆ
660 2222 839 2300 ουναινὲσας
853 2232 916 2300 τοῖς
935 2220 989 2307 ὑφ’
1007 2221 1121 2307 ἑτέρων
1142 2244 1245 2289 συντε·

28 2331 132 2399 θεῖσιν.
155 2327 177 2420 ἡ
207 2331 238 2399 δ’
264 2333 362 2420 ἀρχή,
389 2333 540 2421 καθάπερ
563 2337 652 2420 ἔφην,
676 2335 739 2400 ἐστί
763 2333 1011 2421 θαυμασιωτάτη
1041 2336 1246 2423 κοσμοποιίαν
1268 2356 1303 2400 1⁰

28 2445 223 2532 περιέχουσα,
247 2439 288 2524 ὥς
310 2448 441 2512 καὶτοῦ
464 2446 585 2533 κόσμου
607 2448 651 2533 τῷ
672 2446 757 2534 νόμῳ
780 2448 835 2511 καὶ
863 2447 917 2512 τοῦ
945 2446 1041 2534 νόμου
1068 2449 1111 2534 τῷ
1134 2447 1244 2536 κόσμῳ

29 2557 208 2643 συνᾴδοντος
235 2561 290 2623 καὶ
311 2566 366 2624 τοῦ
387 2560 518 2647 νομίμου
542 2558 652 2645 ἀνδρός
680 2554 775 2638 εὐθὺς
803 2559 889 2637 ὄντος
910 2561 1141 2646 κοσμοπολίτου
1169 2562 1247 2646 πρὸς

28 2668 59 2732 τό
81 2669 225 2757 βούλημα
247 2677 303 2756 τῆς
332 2670 454 2756 φύσεως
481 2670 536 2750 τάς
564 2670 690 2758 πράξεις
717 2670 956 2755 ἀπευθύνοντος,
984 2670 1065 2737 καθ’
1090 2671 1130 2757 ἣν
1152 2676 1207 2738 καί
1229 2671 1246 2737 ὁ

29 2779 145 2866 σύμπας
166 2779 284 2869 κόσμος
306 2784 475 2848 διοικεῖται.
521 2781 566 2847 Τό
598 2786 653 2870 μὲν
681 2782 735 2848 οὖν
764 2781 882 2860 κάλλος
909 2790 970 2849 τῶν
998 2784 1162 2870 νοημάτων
1190 2786 1246 2871 τῆς

28 2893 225 2978 κοσμοποιίας
247 2890 348 2972 οὐδείς
370 2895 441 2961 οὔτε
463 2893 596 2981 ποιητὴς
618 2891 689 2961 οὔτε
711 2894 910 2982 λογογράφος
932 2895 1024 2974 ἀξίως
1052 2896 1089 2963 ἀν
1111 2890 1246 2983 ὑμνῆσαι
1268 2919 1303 2964 15

29 3002 159 3070 δύναιτο·
189 3005 327 3092 καὶγὰρ
352 3006 355 3091 ί
378 3005 473 3094 λόγον
500 3009 556 3070 καί
585 3005 686 3092 ἀκοήν
714 3000 913 3094 ὑπερβάλλει,
937 3008 1032 3094 μείζω
1060 3010 1115 3072 καί
1136 3007 1245 3094 σεμνό-
1263 3023 1365 3090 pm.

106 3208 264 3276 Inscripljo:
295 3208 430 3278 (φίλωνος)
448 3212 508 3275 περί
525 3211 574 3277 τῆς
592 3207 663 3262 κατά
683 3212 790 3276 μωυσέα
808 3207 1029 3277 κοσμοποιίαςλΤ,
1054 3211 1168 3274 φίλωνος
1186 3213 1246 3275 περί

29 3299 194 3359 κοσμοποιίας
204 3298 314 3361 μωσέως
323 3293 365 3361 Μ,
384 3298 431 3348 τοῦ
451 3291 533 3348 αὐτοῦ
551 3299 611 3362 περί
629 3298 677 3363 τῆς
695 3298 743 3347 τοῦ
762 3301 870 3363 μωσέως
888 3299 1064 3363 κοσμοποιίας
1077 3295 1112 3362 F,
1132 3299 1245 3362 φίλωνος

29 3382 151 3447 περὶτῆς
175 3385 295 3448 μωυσέος
319 3387 494 3450 κοσμοποιίας
517 3385 546 3448 b,
577 3385 690 3448 φίλωνος
718 3386 835 3435 ἰουδαίου
858 3387 918 3449 περί
941 3386 990 3450 τῆς
1014 3386 1123 3449 μωσέως
1146 3401 1245 3450 κοσμο-

29 3469 106 3530 ποιίας
130 3465 194 3533 ΑΟ,
221 3467 267 3519 τοῦ
286 3464 369 3520 αὐτοῦ
388 3472 502 3535 φίλωνος
521 3473 638 3522 ἰουδαίου
657 3473 717 3536 περί
739 3470 787 3538 τῆς
811 3474 919 3537 μωσέως
941 3474 1117 3536 κοσμοποιίας
1135 3469 1170 3536 Β,
1197 3469 1245 3522 τοό

31 3552 134 3616 φίλωνος
146 3557 264 3606 ίουδαίου
278 3559 338 3621 περί
349 3555 397 3624 τῆς
411 3559 519 3622 μωσέως
531 3560 707 3624 κοσμοποιίας
726 3557 808 3624 λόγος
825 3563 840 3608 ἓ
857 3555 888 3609 D
958 3557 975 3608 β
997 3561 1062 3609 εἶναι
1083 3551 1142 3623 παρ’
1156 3552 1245 3621 αὐτοῖς

31 3636 111 3690 δίκαια
134 3657 158 3696 α
228 3639 245 3692 3
272 3643 604 3709 προσπεριβαλόντες
626 3641 686 3696 ΜΡ
704 3643 776 3713 (app.
790 3643 897 3714 Turn.):
916 3643 1171 3710 προσπεριλαβόντες
1189 3642 1245 3713 Vb,

31 3727 290 3792 προσπαραλαβόντες
312 3745 336 3785 a
406 3729 670 3796 ἐξετόφωσανίΤΡῠι
686 3730 869 3806 ἑξετόφλωραν
888 3729 949 3786 Ma
1019 3731 1053 3782 τά
1070 3731 1162 3799 πλήθη
1181 3735 1243 3788 ab:

31 3810 118 3878 πλήθει
133 3812 163 3880 V,
182 3814 283 3882 πλήθει
299 3819 348 3867 καί
365 3815 406 3882 Μ,
426 3819 548 3884 μυθικοῖς
566 3817 701 3884 πλάσμασι
717 3821 765 3870 καί
782 3821 818 3884 τῷ
837 3816 936 3885 πλήθει
947 3816 975 3870 Ρ
1043 3815 1242 3885 άόποκρόιβαν-

32 3909 68 3960 τες
89 3917 110 3956 a
187 3903 203 3955 7
231 3905 282 3955 τῶν
304 3903 390 3970 νόμων
412 3903 556 3972 ἐποιήσατο
576 3902 660 3960 ΜΡα
735 3904 821 3958 verba
839 3899 901 3972 μήτ’
919 3899 1068 3968 εὐθύς-9
1087 3908 1244 3958 συντεθεῖσιν

33 3997 77 4036 ⁰111.
93 3986 120 4040 P
188 3985 286 4058 8μηδ’
300 3987 338 4042 Μ
404 3999 461 4056 ταῖς
480 3996 607 4056 διανοίαις
622 3990 649 4046 V
713 3995 888 4059 χρησαμένων
902 3989 929 4045 V
997 3993 1030 4044 10
1056 3997 1121 4060 post
1138 3994 1243 4058 θαυμα-

33 4073 134 4143 σιωτάτη
155 4075 185 4128 in
206 4073 270 4131 Ma
291 4076 459 4146 interpolata
476 4083 541 4131 sunt
566 4079 650 4131 haec:
677 4081 724 4129 καί
750 4077 938 4146 χρησιμωτάτη
960 4078 996 4145 τῷ
1022 4082 1079 4145 βίῳ·
1106 4079 1154 4145 την
1179 4096 1243 4130 κοσ-

33 4158 133 4222 μογόνον
154 4165 203 4214 καί
226 4165 254 4215 ἐν
271 4167 354 4230 ἱεραῖς
378 4167 474 4230 βίβλοις
491 4165 549 4234 (καί
568 4165 630 4218 add.
647 4161 684 4218 M
699 4163 787 4232 solus)
843 4165 872 4216 11
897 4166 1074 4231 περιέχουσα]
1095 4168 1194 4231 ἔχουσα
1211 4163 1242 4232 V,

33 4247 456 4317 περιέχουσανΜπαρὲχουσαΕ
505 4255 553 4305 καί
564 4256 629 4320 post
641 4248 676 4314 ὡς
690 4249 817 4307 οιιι.Μα
871 4253 904 4305 15
921 4246 1157 4318 οὕδὲποιητόςΜ
1205 4251 1242 4303 ἀν

33 4321 254 4400 ὑμνῆσαιῙῙΜω
267 4337 341 4407 (app.
347 4338 454 4407 Turn.):
465 4335 612 4407 ἀνυμνῆσαι
623 4342 652 4408 δ,
666 4337 756 4406 ἐρεῑΡ
816 4339 848 4391 16
866 4337 971 4390 δόναιτο
985 4355 1039 4392 om.
1048 4336 1083 4406 Ρ,
1096 4331 1204 4390 δόνατοιι
1216 4336 1245 4390 F

33 4425 327 4447 xa·-

109 4493 124 4545 3
143 4495 177 4548 de
196 4495 283 4549 ἀετοί.
301 4496 326 4548 II
346 4496 393 4549 181
414 4495 473 4563 ἱερά
493 4499 541 4548 καί
560 4495 626 4560 νειὸς
648 4491 740 4558 αιἰταῖς
753 4496 857 4564 (ἰδέαις)
869 4493 1136 4562 προσπεριεβάλοντο.
1207 4496 1241 4549 de

34 4581 273 4635 monarch.11215
297 4578 399 4636 ἀπάται
421 4582 455 4646 ἃς
477 4581 649 4650 μυθογράφοι
672 4581 866 4644 διαπλάσαντες
887 4580 1061 4647 ἑξετόφωσαν.
1084 4581 1119 4635 de
1137 4597 1241 4649 praem.

36 4663 59 4710 θλ
73 4679 148 4730 poen.
166 4669 191 4722 11
208 4668 260 4721 419
279 4665 396 4738 ἀληθείᾳ
415 4673 444 4722 δὲ
463 4672 545 4737 τῦφος
563 4665 713 4723 ἀντίπαλον.

1076 4769 1089 4820 1
