3092 5236
587 399 628 470 33

12 613 133 700 ιιθμοῦ
165 610 286 679 τελείου
314 612 418 699 φύσιν,
444 612 501 700 τῆν
529 615 675 680 ἐπιοῦσαν
701 611 821 699 ῆμέραν
850 607 986 699 ἑβδόμην
1008 607 1169 696 ἐσέμνυνεν
1196 601 1213 674 5
1324 601 1326 607 ⁸

12 725 96 811 ιτῆρ
129 725 292 803 ἐπαινέσας
320 727 376 790 καὶ
404 719 495 811 άγίαν
522 723 711 811 προσειπῶν·
740 725 833 810 ἑορτῆ
859 722 920 810 γάρ
943 721 979 787 οὐ
1003 725 1073 809 μιᾶς
1094 720 1214 800 πόλεως

43 837 247 924 χώραςστ
194 839 273 904 ἐστίν
312 831 395 902 άλλά
427 838 482 902 τοῦ
520 836 650 921 παντός,
687 835 727 922 ῆν
764 835 877 921 κυρίως
911 834 995 914 ἄξιον
1027 835 1082 898 καί
1119 831 1215 966 μόγην

12 948 160 1036 α’νδημον
176 945 336 1036 ὀνομάζειν
350 951 405 1014 καί
419 955 473 1014 τοῦ
488 949 609 1036 κόσμου
623 971 677 1035 γεν
678 948 799 1014 ἐ.θλιον
819 947 876 1032 τῆν
890 944 922 1011 δ
939 944 1112 1032 ἑβδομάδος
1126 942 1214 1030 φύσιν

12 1063 48 1124 ὀι
84 1059 150 1126 οἷδ’
187 1063 216 1126 εἴ
245 1084 288 1139 τις
320 1061 433 1141 ίκανῶς
466 1055 503 1128 άν
535 1055 669 1148 ὑμνῆσαι
702 1059 823 1126 δύναιτο
851 1058 964 1136 παντὸς
992 1055 1086 1123 οὖσαν
1118 1054 1213 1144 λόγου

12 1173 174 1238 νείττονα·
209 1171 245 1238 οὐ
278 1171 340 1259 μῆν
373 1171 418 1238 ὅτι
451 1173 694 1260 θαυμασιωτέρα
725 1179 786 1237 τῶν
818 1173 888 1256 περὶ
914 1168 1009 1256 αὐτῆς
1040 1169 1215 1256 λεγομένων

12 1287 66 1364 ντί,
97 1284 151 1350 διά
179 1283 271 1350 τοῦθ’
301 1279 508 1371 ῆσυχαστέον,
535 1279 608 1351 ἀλλ’
638 1282 868 1370 ἐπιτολμητέον,
902 1283 930 1346 εί
961 1283 1016 1346 καί
1044 1279 1087 1368 μῆ
1114 1279 1215 1347 πάντα

12 1400 75 1483 ηδὲ
98 1396 141 1463 τά
162 1396 340 1483 κυριώτατα
362 1397 426 1464 οίόν
446 1419 490 1481 τε,
512 1396 552 1463 τά
569 1403 644 1484 γοῦν
665 1406 730 1474 ταῖς
751 1389 916 1481 ἡμετέραις
938 1394 1083 1470 διανοίαις
1105 1392 1216 1478 ἐφικτὰ

12 1510 155 1594 ηλῶσαι.
179 1510 274 1596 διχῶς
295 1509 431 1595 ἑβδομάς
452 1508 586 1595 λέγεται,
608 1506 629 1593 ῆ
654 1510 708 1594 μὲν
731 1506 815 1586 ἐντὸς
837 1504 979 1590 δεκάδος,
1002 1499 1068 1590 ῆτις
1090 1504 1216 1584 ἑπτάκις

12 1619 105 1686 ονάδι
140 1619 219 1707 μόνη
254 1630 407 1706 μετρεῖται
439 1621 617 1688 συνεστῶσα
650 1621 688 1684 ἐκ
717 1617 859 1706 μονάδων
891 1615 986 1702 ἑπτά,
1016 1610 1038 1702 ῆ
1067 1616 1096 1682 δ’
1127 1618 1216 1696 ἐκτὸς
1237 1625 1272 1672 ¹⁰

12 1732 151 1816 εκάδος,
175 1728 309 1818 ἀριθμός
336 1731 373 1797 οὗ
399 1731 520 1813 πάντως
548 1731 633 1819 άρχῆ
663 1729 758 1818 μονάς
785 1730 868 1795 κατά
894 1728 966 1808 τοὺς
994 1730 1172 1808 διπλασίους
1193 1730 1215 1815 ῆ

12 1843 194 1926 διπλασίους
215 1842 237 1929 ῆ
259 1842 395 1922 συνόλως
423 1843 651 1931 άναλογοῦντας
672 1840 834 1929 άριθμοιίς,
857 1835 899 1920 ῶς
921 1844 988 1928 ἔχει
1010 1837 1026 1908 5
1050 1842 1216 1928 ἑξηκοντα-

12 1957 134 2042 έσσαρα
152 1957 155 2042 Ι
173 1957 229 2020 καί
250 1951 266 2022 5
290 1954 462 2021 ἑπτακόσια
485 1955 681 2036 εἰκοσιεννέα,
704 1949 721 2020 5
743 1957 797 2042 μέν
819 1951 902 2019 κατά
924 1953 976 2020 τόν
998 1952 1060 2018 άπό
1083 1953 1215 2038 μονάδος
1232 1976 1258 2028 p.
1272 1959 1351 2013 17111.

12 2068 158 2134 ιπλάσιον
184 2068 414 2153 παραυξηθείς,
448 2062 465 2132 5
488 2067 517 2132 δ’
536 2067 576 2132 αὖ
603 2066 687 2134 κατὰ
708 2066 759 2134 τόν
781 2065 967 2152 τριπλάσιον.
1012 2063 1161 2152 ἑκάτερον
1182 2065 1213 2130 δ’

12 2183 75 2258 ίδος
98 2179 136 2244 οὐ
159 2179 323 2265 παρέργως
345 2179 557 2247 ἐπισκεπτέον.
600 2179 634 2246 τό
657 2182 713 2266 μέν
742 2177 782 2265 δῆ
813 2179 955 2265 δεύτερον
984 2178 1217 2266 ἐμφανεστάτην
1237 2195 1273 2241 ιι

12 2315 62 2378 γει
90 2292 278 2378 προνομίαν·
308 2293 368 2366 αἰεί
394 2290 455 2377 γάρ
478 2290 495 2356 5
518 2288 581 2357 άπὸ
604 2291 736 2377 μονάδος
757 2292 972 2379 συντιθέμενος
993 2293 1026 2358 ἐν
1049 2291 1218 2370 διπλασίοις

12 2421 14 2488 γ
37 2405 230 2490 τριπλασίοις
251 2403 272 2490 ῆ
296 2403 430 2482 συνόλως
454 2403 657 2491 ἀναλογοῦσιν
680 2405 812 2491 ἕβδομος
834 2403 968 2491 ἀριθμός
989 2403 1085 2490 κόβος
1106 2427 1140 2470 τε
1164 2405 1218 2468 καί

83 2622 96 2672 1
118 2623 249 2672 τελείου
267 2617 329 2674 VM
339 2638 345 2672 ε
364 2622 467 2672 τελείαν
486 2625 535 2675 ab
552 2620 585 2674 cf.
599 2637 624 2688 p.
637 2621 688 2683 51.
703 2621 780 2688 1518
849 2622 865 2674 3
883 2621 969 2674 verba
981 2616 1052 2673 άλλά
1064 2623 1110 2673 τοῦ
1121 2620 1218 2684 παντός

12 2723 48 2759 ιιι.
67 2705 98 2760 F
171 2707 190 2758 4
207 2709 343 2773 γενέθλιον
358 2704 487 2762 VMFa:
511 2711 628 2775 γενέσιον
645 2712 665 2762 5
745 2709 763 2761 5
780 2709 887 2777 ἱκανῶς]
907 2709 998 2772 ἱκανός
1016 2707 1108 2771 ABR,
1128 2709 1218 2772 ἱκανὸς

12 2797 75 2858 ,ξίως
94 2793 133 2847 M
209 2793 246 2846 άν
264 2791 410 2862 ὑμνῆσαι
428 2795 537 2862 scripsi:
555 2789 702 2862 ἀναμνῆσαι
719 2793 791 2848 codd.
810 2795 845 2848 cf.
864 2812 890 2863 p.
911 2796 969 2860 1,15
1039 2797 1054 2848 7
1073 2791 1144 2848 τοῦτ’
1164 2791 1218 2858 Vb,

13 2884 74 2933 οῖτο
93 2879 132 2934 Μ
192 2875 305 2936 άλλάίί
360 2881 547 2948 8ἐφεικτά7
608 2884 641 2936 10
659 2885 807 2936 συνεστῶσα
826 2879 850 2934 δ’
872 2886 904 2936 έκ
923 2881 960 2936 Μ
1025 2880 1092 2950 ἡδ’
1119 2883 1219 2947 ἐκτός

12 2968 141 3031 νεκάδος
161 2968 270 3036 scripsi:
288 2965 306 3035 ῆ
329 2971 360 3020 δὲ
377 2969 426 3036 τῆς
445 2968 593 3036 ἑβδομάδος
614 2967 644 3032 V,
662 2967 679 3037 ῆ
699 2971 729 3021 δὲ
746 2972 795 3037 τῆς
813 2969 961 3036 ἑβδομάδος
980 2969 1058 3033 ἐκτός
1076 2974 1133 3032 ab,
1152 2967 1168 3037 ῆ
1189 2973 1219 3022 δέ

12 3056 87 3123 πτάς,
107 3058 222 3121 ἑβδομος
240 3053 278 3108 Μ
346 3056 377 3108 11
398 3051 519 3123 άριθμεῖς
536 3055 567 3108 D
638 3055 679 3124 οὔ]
699 3051 780 3109 o5V
846 3055 950 3108 πάντων
968 3055 999 3108 D
1067 3055 1139 3109 κατά
1157 3057 1219 3119 τοὺς

12 3145 166 3205 ὶιπλασίουςι
184 3141 240 3195 hic
259 3142 389 3196 desinit
407 3140 433 3197 V
500 3143 532 3195 16
551 3138 594 3195 ἀεί
611 3139 692 3195 ABG
762 3143 794 3196 17
813 3142 936 3213 ἑβδομος]
956 3142 1104 3210 ἑβδομάδος
1122 3141 1159 3196 Μ

12 3265 308 3275 *—

87 3336 100 3386 1
127 3350 189 3402 sqq.
210 3334 244 3386 de
262 3334 309 3387 vit.
327 3333 394 3388 Mos.
407 3334 432 3386 ΙΙ
452 3334 502 3406 166
521 3350 561 3401 sq.
583 3334 648 3400 μετά
668 3337 698 3386 δὲ
715 3334 763 3401 τῆν
780 3337 827 3386 τοῦ
844 3335 970 3402 γεννητοῦ
989 3335 1039 3386 τῶν
1057 3333 1126 3386 ὅλων
1143 3333 1220 3402 τιμῆν

12 3419 45 3486 ,ῆν
72 3421 146 3487 ἱεράν
173 3420 288 3488 ἑβδόμην
316 3418 488 3488 ἑσέμνυνεν“
475 3439 490 3472 ο
518 3421 658 3489 προφήτης
686 3422 746 3474 ῖδῶν
773 3415 857 3490 αότῆς
888 3417 1135 3488 όξυωπεστέροις
1121 3439 1220 3488 ομμασι

12 3506 101 3570 κάλλος
120 3509 233 3570 ἐξαίσιον
251 3509 487 3608 ἑνεσφραγισμένον
505 3501 609 3574 οόρανῶ
627 3525 656 3560 τε
673 3512 721 3560 καί
738 3511 775 3576 τῷ
793 3508 920 3575 σόμπαντι
942 3507 1073 3575 κόσμῳκ
1145 3503 1216 3562 ,εἴτ’

12 3593 136 3660 ατρίτοο
159 3593 322 3661 κατενόησεν
346 3588 465 3662 αότῆνε
452 3594 582 3659 ἐξετάζων
607 3598 655 3648 καί
681 3595 783 3663 κόσμου
807 3597 952 3664 γενέθλιον,
973 3595 1006 3663 ῆν
1030 3596 1150 3662 ἑορτάζει
1174 3599 1220 3663 μὲν

12 3673 122 3745 τόρανός,
142 3681 264 3746 ἑορτάζει
282 3683 312 3733 δὲ
329 3683 365 3748 γῆ
383 3685 431 3734 καί
448 3681 481 3733 τά
501 3684 528 3733 ἑν
545 3684 590 3750 γῆ,
608 3681 741 3749 γανόμενα
758 3687 807 3736 καί
829 3683 1051 3750 ἐνευφραινόμενα
1069 3682 1101 3749 τῆ
1119 3699 1219 3750 παναρ-

12 3772 79 3834 μονίῳ
99 3767 238 3834 ἑβδομάδι.
275 3769 310 3822 de
327 3768 428 3822 victim.
441 3768 530 3822 11139
548 3775 606 3832 ταῖς
625 3763 649 3820 δ’
665 3768 789 3836 ἑβδόμαις
807 3769 972 3834 διπλασιάζει
989 3770 1034 3822 τὸν
1051 3773 1103 3823 τῶν
1120 3773 1220 3836 ἱερείων

12 3845 128 3919 ιἰριθμόν,
149 3858 195 3907 ἶσα
218 3857 369 3922 προστιθείς
389 3858 468 3918 ίσοις,
493 3855 608 3921 ἰσότιμον
629 3852 777 3923 ῆγοόμενος
801 3855 849 3924 τῆν
872 3857 986 3924 ἑβδόμην
1008 3860 1093 3922 αἰῶνι,
1115 3856 1147 3924 ῆν
1174 3860 1221 3910 καί

12 3943 138 4004 γενέθλιον
155 3939 202 3994 τοῦ
226 3940 329 4008 κόσμου
352 3942 450 4006 παντὸς
473 3937 636 4008 ἀνέγραψεν.
673 3943 707 3996 de
726 3948 851 4011 septenn.
870 3944 962 3997 11581
983 3945 1098 4011 ἑβδομάς
1115 3938 1141 3995 δ’
1162 3940 1219 4008 ἀμι-

12 4029 129 4091 γέοτατος
151 4031 200 4080 καί
217 4029 282 4093 φῶς,
301 4031 324 4080 εί
341 4028 393 4095 χρῆ
412 4023 531 4095 τάληθές
555 4033 642 4095 εἰπεῖν,
662 4029 769 4094 ἑξάδος·
788 4029 806 4082 ἃ
824 4030 876 4098 γάρ
896 4033 1032 4097 ἐγέννησεν
1050 4030 1120 4092 ἑξάς,
1138 4025 1215 4082 ταῦθ’

12 4112 118 4181 ἑβδομὰς
135 4117 367 4181 τελεσφορηθέντα
386 4118 551 4179 ἐπεδείξατο·
588 4110 651 4182 παρ’
672 4115 687 4168 5
706 4120 753 4169 καί
769 4119 906 4184 γενέθλιος
924 4119 971 4169 τοῶ
988 4117 1089 4183 κόσμου
1109 4115 1221 4178 δεόντως

12 4195 37 4249 άν
54 4201 293 4269 προσαγορεύοιτο.
329 4201 394 4256 ibid.
413 4203 485 4256 584.
505 4243 511 4256 .
531 4245 537 4256 .
555 4203 603 4270 τῆν
620 4206 667 4256 τοῦ
685 4203 787 4270 κόσμου
805 4206 942 4272 γενέθλιον
958 4201 1060 4270 ἡμέραν
1078 4195 1219 4268 ἑορτάζων,

42 4289 72 4340 16
97 4289 131 4342 de
155 4293 280 4356 septenn.
303 4289 397 4343 11577
417 4307 460 4358 sq.
486 4291 684 4360 (Tischendorf
704 4291 813 4346 Philon.
838 4310 864 4360 p.
885 4291 953 4359 155)
977 4291 1010 4342 τά
1033 4293 1080 4355 μὲν
1098 4289 1144 4342 οὖν
1161 4294 1221 4355 περῖ

13 4375 52 4439 τῆς
72 4378 98 4426 ἐν
116 4370 241 4442 ἀριθμοῖς
259 4375 376 4444 ἑβδόμης
395 4381 496 4444 εἴρηται
519 4379 562 4430 διά
588 4382 760 4445 μακροτέρων
784 4378 912 4446 πρότερον
930 4378 962 4445 ῆν
980 4394 1009 4429 τε
1027 4380 1083 4444 ἔχει
1101 4377 1175 4443 φύσιν
1193 4381 1220 4428 ἑν

15 4459 97 4513 δεκάδι
114 4465 162 4514 καί
178 4460 212 4528 ῆν
229 4465 383 4530 συγγένειαν
400 4462 467 4529 πρός
485 4480 514 4514 τε
532 4458 615 4530 αότῆν
634 4463 737 4517 δεκάδα
755 4469 803 4518 καί
819 4465 886 4531 πρὸς
908 4463 1023 4529 τετράδα
1040 4464 1089 4530 τῆν
1106 4462 1220 4526 δεκάδος

15 4537 89 4614 νὶρχῆν
106 4566 137 4600 τε
154 4553 202 4601 καί
219 4548 309 4616 πηγῆν
326 4553 373 4601 καί
391 4546 427 4613 ῶς
446 4552 599 4603 συντεθεῖσα
625 4554 671 4618 μὲν
693 4546 747 4604 άπὸ
773 4551 887 4618 μονάδος
910 4549 972 4616 ἑξῆς
989 4553 1068 4617 γεννᾷ
1084 4550 1132 4603 τόν
1148 4547 1221 4603 όκτῶ

15 4637 52 4684 καί
69 4638 268 4712 εῖκοσιτέλειον
288 4630 409 4702 ἀριθμόν,
428 4643 482 4699 τοῖς
501 4634 582 4690 αὑτοῦ
596 4640 699 4704 μέρεσιν
709 4641 773 4700 ίσον,
792 4641 829 4700 εἰς
845 4633 989 4706 ἀναλογίαν
1007 4632 1123 4706 ἀχθεῖσα
1140 4631 1220 4704 κόβον

17 4714 72 4782 ὁμοῦ
89 4727 135 4774 καί
153 4711 324 4790 τετράγωνον
336 4718 467 4776 άποτελεῖ,

1051 4789 1195 4881 3”’
