3092 5236
524 355 725 454 -..Ll-

79 567 209 652 τρεπτή,
233 566 489 654 μεταβαλλούσης
510 590 544 633 τε
572 567 686 656 ταύτης
711 568 826 655 γίνεται
851 567 891 634 τά
918 569 1055 654 τέσσαρα
1083 578 1233 655 στοιχεῖα,

78 681 142 765 πῦρ
171 684 226 745 καὶ
254 678 331 767 ἀήρ,
361 679 444 766 ὕδωρ
478 684 533 746 καί
559 682 612 768 γῆ.
662 683 762 748 Arius
791 684 919 767 Didym.
954 703 1005 765 ap.
1035 683 1129 748 stob.
1164 683 1232 747 Ecl.

77 793 198 872 Ι11,5ο
226 794 330 875 (Diels
351 795 435 859 Dox.
451 815 483 877 p.
499 794 575 879 458)
598 795 698 880 ἔφησε
721 795 755 859 δέ
778 790 794 860 ό
816 793 1075 871 Ποσειδώνιος
1096 793 1152 879 τήν
1173 797 1234 860 τῶν

77 904 163 973 ὅλων
195 905 301 972 οὐσίαν
331 910 387 971 καί
417 901 496 992 ὕλην
527 905 635 974 ἄποιον
667 910 722 972 καί
755 907 895 996 ἄμορφον
927 909 1016 990 εἰναι,
1050 905 1130 972 καθ’
1160 906 1233 973 ὅσον

79 1017 172 1084 οὐδέν
208 1016 458 1107 ἀποτεταγμένον
478 1021 570 1085 ’ἰδιον
606 1021 674 1106 ἔχει
710 1021 821 1107 σχῆμα
857 1013 930 1086 οὐδὲ
965 1019 1115 1105 ποιότητα
1150 1018 1230 1085 καθ’

78 1125 188 1218 αὑτήν,
211 1125 260 1196 άεί
283 1130 314 1196 δ’
337 1133 370 1198 έν
391 1153 445 1198 πνι
467 1131 606 1220 σχήματι
628 1135 683 1197 καί
703 1131 843 1217 ποιότητι
865 1133 950 1198 εἰναι.

16 1262 80 1340 8,1ι
103 1263 205 1328 Ρίωί.
222 1263 308 1328 Tim.
325 1263 394 1328 37d
410 1260 515 1328 εἰκόνα
538 1256 567 1325 δ’
585 1261 705 1329 ἐπενόει
726 1261 854 1347 κινητήν
867 1281 941 1327 τινα
963 1262 1073 1340 αἰῶνος
1094 1267 1231 1346 ποιήσαι,

77 1375 135 1438 καί
164 1374 341 1460 διακοσμῶν
369 1373 435 1461 ἅμα
462 1367 583 1461 οὐρανῷ
609 1383 694 1440 ποιεῖ
718 1374 860 1462 μένοντος
888 1374 997 1452 αἰῶνος
1023 1374 1055 1440 έν
1083 1373 1126 1438 ένί
1157 1367 1230 1438 κατ’

78 1484 218 1572 ἀριθμόν
239 1486 345 1552 ἰοῦσαν
368 1485 489 1553 αἰώνιον
511 1485 626 1571 εἰκόνα,
641 1487 749 1554 τοῦτον
764 1485 798 1554 ὃν
819 1487 859 1572 δή
875 1485 988 1573 χρόνον
1011 1483 1231 1573 ὠνομάκαμεν·

77 1596 201 1684 ἡμέρας
221 1599 282 1685 γάρ
305 1601 359 1663 καί
380 1598 493 1677 νύκτας
513 1602 568 1664 καί
594 1605 693 1686 μῆνας
714 1602 769 1665 καί
796 1597 950 1677 ἐνιαυτοὺς
972 1593 1031 1664 οόκ
1053 1598 1142 1677 ὄντας
1162 1602 1233 1684 πρὶν

77 1703 211 1794 οὐρανόν
243 1710 407 1797 γενέσθαι,
439 1709 510 1776 τότε
540 1706 606 1798 ἅμα
644 1711 751 1798 ἐκείνῳ
784 1711 987 1799 ξυνιοταμένῳ
1023 1709 1080 1797 τήν
1115 1711 1232 1796 γένεσιν

77 1815 182 1887 αὐτῶν
205 1828 391 1909 μηχανᾶται.

16 1944 199 2027 8,1;])ἰομ
228 1944 284 2008 La.
312 1945 367 2008 VH
397 1945 454 2008 141
487 1944 530 2008 έτι
557 1943 592 2009 δέ
624 1945 679 2008 καί
712 1945 841 2030 (dicunt
869 1943 1011 2028 Stoici)
1040 1941 1092 2009 τόν
1118 1939 1231 2029 χρόνον

79 2054 262 2142 ἀσώματον,
296 2054 452 2143 διάστημα
488 2055 561 2121 ὄντα
593 2062 649 2143 τής
681 2057 735 2122 τοῦ
767 2054 888 2143 κόσμου
920 2054 1079 2142 κινήσεως.
1130 2056 1229 2121 Arius

78 2171 210 2254 Didym.
240 2190 292 2252 ap.
323 2169 662 2250 8101).Εο1.Ι8,4ί)θ
695 2168 798 2254 (Diels
827 2171 910 2234 Dox.
937 2189 969 2251 p.
998 2169 1074 2252 461)
1100 2165 1232 2253 Ζήνων

78 2283 180 2366 έφησε
201 2279 315 2366 χρόνον
338 2281 413 2348 εἰναι
435 2279 586 2366 κινήσεως
608 2280 774 2367 διάστημα,
797 2286 888 2345 τοῦτο
910 2281 945 2344 δέ
967 2282 1021 2344 καί
1044 2278 1154 2366 μέτρον
1176 2282 1229 2344 καί

77 2392 236 2479 κριτήριον
257 2391 373 2479 τάχους
387 2415 421 2458 τε
436 2396 491 2459 καί
510 2391 709 2480 βραδύτητας,
725 2392 809 2472 ὅπως
830 2395 898 2481 ἔχει
919 2392 1091 2479 <έκαστα>.
1136 2395 1228 2459 Sext.

77 2508 196 2590 Pyrrh.
225 2507 486 2590 hypot.111136
514 2507 567 2591 (τί.
596 2509 669 2573 adv.
698 2508 909 2572 μισθωταὶ(
933 2505 1005 2591 170)
1034 2503 1148 2591 χρόνον
1166 2505 1228 2590 γὰρ

78 2617 157 2682 είναί
178 2638 270 2702 φασιν
285 2617 315 2682 οἰ
329 2619 383 2704 μέν
403 2617 559 2706 διάστημα
581 2619 636 2704 τῆς
650 2619 705 2684 τοῦ
720 2617 794 2683 ὅλου
816 2617 967 2704 κινήσεως
990 2612 1075 2703 (ὅλον
1097 2616 1228 2702 δὲλέγω

77 2728 131 2795 τόν
153 2726 295 2816 κόσμον),
324 2730 354 2794 οί
381 2730 415 2794 δέ
443 2724 539 2816 αὐτήν
564 2731 621 2817 τήν
647 2730 766 2818 κίνησιν
792 2738 847 2796 τοῦ
869 2727 999 2817 κόσμου.
1043 2731 1116 2795 Aet.
1139 2731 1227 2795 Flac.

77 2844 177 2923 1212
200 2842 304 2926 (Diels
326 2844 410 2908 Dox.
432 2864 465 2926 p.
488 2843 563 2929 318)
586 2842 744 2908 Πλάτων
773 2843 882 2920 αἰῶνος
910 2841 1015 2908 εἰκόνα
1041 2839 1178 2926 κινητήν,
1206 2839 1227 2926 ή

79 2956 150 3040 (221.
173 2953 301 3040 Ζήνων
321 2954 349 3040 ἰ)
373 2953 528 3042 διάστημα
549 2957 605 3042 τής
625 2956 679 3021 τοῦ
702 2953 821 3066 ηόσμου
844 2951 1003 3040 κινήσεως.

17 3084 88 3163 8,10
110 3107 177 3169 sq.:
199 3085 272 3150 Aet.
294 3086 384 3150 Plac.
406 3086 420 3148 I
442 3086 512 3166 6,11
538 3086 641 3168 (Diels
664 3087 747 3151 Dox.
769 3107 801 3169 p.
825 3086 900 3171 296)
925 3083 1087 3171 βλέποντες
1109 3083 1229 3162 δέτοός

79 3194 213 3282 άοτέρας
246 3195 295 3260 ἀεὶ
327 3195 459 3274 θέοντας
492 3197 604 3274 αἰτίους
636 3219 670 3263 τε
703 3204 757 3263 τοῦ
789 3197 920 3282 θεωρεῖν
948 3191 1030 3284 ήμᾶς
1056 3189 1143 3282 ήλιον
1172 3199 1228 3261 καὶ

77 3308 213 3394 σελήνην
224 3307 319 3386 θεοὺς
329 3308 587 3394 προσηγόρευσαν
600 3310 771 3396 (Stoici).
815 3311 915 3377 Arius
927 3312 1055 3394 Didym.
1068 3332 1120 3394 ap.
1132 3311 1226 3377 Stob.

77 3424 146 3488 Ecl.
170 3423 183 3486 Ι
205 3423 278 3503 115
302 3422 406 3507 (Diels
428 3424 511 3488 Dox.
534 3444 566 3506 p.
589 3422 664 3508 4116)
688 3423 729 3489 de
753 3423 996 3506 Chrysippo:
1098 3420 1149 3488 τόν
1173 3424 1227 3508 μέν

77 3533 131 3600 οὖν
158 3534 243 3599 κατὰ
270 3534 327 3620 τήν
360 3533 564 3622 διακόσμησιν
595 3534 763 3623 λεγόμενον
794 3534 912 3620 κόσμον
946 3535 987 3612 εἰς
1018 3533 1131 3612 ταότας
1162 3535 1227 3599 δια-

75 3646 249 3732 κεκρίσθαι
280 3644 335 3723 τόις
368 3645 485 3731 φάσεις·
522 3647 559 3713 τό
592 3647 628 3712 δέ
659 3645 899 3733 περιφερόμενον
935 3639 1018 3732 αὐτῷ
1056 3645 1227 3733 ἐγκυκλίως

74 3759 193 3845 αἰθέρα
214 3759 300 3842 εἶναι,
324 3759 356 3824 έν
383 3757 408 3845 ᾦ
434 3759 474 3823 τὰ
503 3754 602 3844 άστρα
624 3758 820 3845 καθίδρυται,
842 3758 882 3824 τά
902 3781 937 3824 τε
966 3753 1089 3843 ἀπλανῆ
1112 3761 1166 3822 καί
1187 3756 1226 3822 τά

74 3869 278 3957 πλανώμενα,
304 3870 379 3936 θεῖα
405 3869 462 3956 τήν
495 3869 583 3956 φύσιν
610 3870 683 3937 ὄντα
711 3874 764 3936 καί
789 3871 917 3958 ἔμψυχα
948 3873 1003 3935 καὶ
1030 3867 1226 3955 διοικούμενα

74 3983 159 4050 κατά
179 3985 236 4068 τήν
257 3982 411 4069 πρόνοιαν.

19 4116 121 4196 10,13;
144 4115 238 4197 Diog.
261 4115 317 4180 La.
340 4116 395 4179 VH
418 4115 478 4179 135
500 4118 591 4198 σῶμα
614 4105 643 4176 δ’
661 4112 749 4196 ἐστίν,
765 4111 807 4190 ὥς
828 4135 920 4200 φησιν
938 4106 1226 4198 Ἀπολλόδωρος

76 4229 108 4293 ἐν
140 4233 179 4313 τή
208 4233 335 4313 φυσική,
361 4224 396 4291 τό
424 4232 518 4312 τριχῆ
539 4222 716 4309 διαστατόν,
746 4223 788 4301 εἰς
816 4231 931 4310 μήκος,
961 4224 1002 4300 είς
1030 4221 1155 4309 πλάτος,
1183 4226 1226 4304 εἰς

76 4336 191 4426 βάθος·
224 4345 314 4403 τοῦτο
347 4339 383 4402 δέ
415 4341 470 4403 καὶ
503 4337 627 4423 στερεόν
660 4337 750 4423 σῶμα
777 4337 927 4402 καλεῖται.
983 4338 1074 4403 Sext.
1108 4338 1240 4428 Pyrrh..

76 4453 187 4535 hypot.
209 4451 253 4516 ΙΠ
276 4452 316 4516 39
344 4452 420 4528 τινές
447 4452 483 4515 δέ
511 4451 602 4536 σῶμα
630 4450 707 4516 εἰναι
732 4441 858 4535 λέγουσι
885 4446 919 4512 τό
946 4454 1040 4534 τριχῆ
1062 4446 1224 4513 διαστατόν

77 4564 154 4649 μετὰ
176 4556 358 4639 ἀντιτυπίας.
402 4565 475 4628 Αεί.
498 4564 586 4628 Plan.
610 4564 623 4626 I
648 4563 715 4643 121
747 4561 850 4646 (Diels
873 4562 955 4626 Dox.
979 4582 1010 4644 p.
1035 4561 1110 4646 310)
1133 4559 1224 4650 σῶμά

78 4676 138 4740 ἐστι
159 4675 195 4740 τὸ
215 4679 308 4760 τριχῆ
331 4671 503 4759 διαστατόν,
525 4672 635 4740 πλάτει
658 4672 750 4761 βάθει
773 4670 876 4760 μήκει.
