3092 5236
840 383 1043 488 „go-—

332 587 430 681 μέτρα
457 587 593 681 χρόνων·
622 585 713 680 ήλίου
740 593 802 680 γάρ
830 597 885 662 καί
913 595 1047 683 σελήνης
1069 598 1124 661 καί
1146 597 1206 663 τῶν
1232 593 1335 664 ἄλλων
1358 593 1532 684 τεταγμένας

331 707 484 791 περιόδοις
511 701 627 794 ήμέραι
654 709 710 772 καί
738 707 832 794 μῆνες
860 710 914 774 καί
943 710 1074 776 ἐνιαυτοί
1102 708 1309 796 συνέστησαν.
1340 709 1444 787 εύθύς
1469 731 1496 773 τε
1511 709 1532 772 τί

330 817 582 904 χρησιμιύτατον,
616 816 637 903 ή
673 813 809 905 ἀριθμοῦ
842 818 945 905 φύσις,
980 820 1131 908 ἐδείχθη,
1164 821 1281 908 χρόνου
1314 820 1532 908 παραφήναντος

332 929 443 1016 αύτήν·
468 931 505 995 ἐκ
531 931 588 1017 γάρ
612 931 682 1017 μιάς
703 924 824 1017 ήμέρας
845 933 881 996 τδ
904 933 937 999 ἓν
958 935 1012 997 καί
1035 934 1074 998 ἐκ
1096 934 1180 1000 δυοῖν
1194 935 1234 999 τά
1256 933 1313 999 δύο
1335 937 1397 998 καί
1421 935 1459 999 ἐκ
1471 937 1533 1018 τριύν

296 1041 369 1108 ιτά
396 1043 465 1128 τρία
493 1046 548 1107 καί
577 1044 614 1107 ἐκ
643 1043 738 1129 μηνός
765 1042 804 1109 τά
832 1043 998 1130 τριάκοντα
1026 1047 1080 1109 καί
1109 1045 1141 1124 ἐξ
1168 1046 1307 1112 ἐνιαυτοῦ
1329 1047 1368 1111 τὸ
1395 1043 1533 1130 ἰσάριθμον

329 1165 395 1232 ταῖς
423 1155 460 1219 ἐκ
488 1153 615 1220 διύδεκα
643 1155 747 1240 μηνῶν
774 1150 906 1242 ἡμέραις
938 1157 1065 1242 πλῆθος
1091 1159 1145 1221 καί
1175 1157 1207 1236 ἐξ
1236 1157 1367 1243 ἀπείρου
1399 1147 1534 1243 χρόνιοί

330 1265 456 1350 ἄπειρος
478 1259 626 1352 ἀριθμός.
650 1267 693 1344 εἰς
706 1266 860 1345 τοσαύτας
874 1271 928 1334 καί
944 1267 1041 1346 ούτως
1063 1267 1237 1356 ἀναγκαίας
1259 1257 1465 1336 διατείνουσιν
1479 1265 1534 1350 ύφε·

329 1377 415 1455 λείας
437 1377 470 1442 αἰ
490 1379 551 1444 τῶν
572 1377 647 1442 κατ’
671 1376 801 1463 ούρανὸν
823 1377 927 1464 φύσεις
948 1382 1052 1446 τεκαὶ
1073 1380 1210 1466 κινήσεις
1232 1379 1393 1466 ἀστέρων·
1420 1382 1463 1458 εἰς
1475 1379 1544 1445 πόοιι

330 1487 361 1552 δ’
385 1488 468 1553 ἀλλα
490 1489 586 1576 φαίην
608 1488 646 1556 ἀν
662 1491 762 1576 ἔγωγε
784 1491 844 1557 τῶν
865 1485 940 1576 ἡμῖν
955 1493 1009 1578 μέν
1025 1486 1246 1579 άδηλουμένων
1260 1533 1303 1541 -
1318 1492 1353 1558 ού
1379 1491 1535 1580 γάρπάνυ

274 1619 309 1664 10
330 1601 373 1686 τῷ
401 1601 508 1687 θνητῷ
536 1601 618 1686 γένει
645 1601 783 1689 γνώριμα
806 1641 863 1688 -,
892 1603 969 1689 πρὸς
996 1605 1031 1669 δέ
1058 1603 1115 1689 τήν
1142 1606 1197 1670 τού
1225 1605 1300 1670 ὅλου
1327 1605 1535 1692 συνεργούντων

330 1711 489 1798 διαμονήν,
513 1711 533 1776 ά
555 1714 685 1800 θεσμοῖς
706 1716 762 1778 καί
783 1713 895 1801 νόμοις,
919 1715 972 1793 ούς
994 1715 1104 1801 ῶρισεν
1126 1711 1143 1780 ὅ
1165 1717 1242 1795 θεὸς
1269 1716 1441 1802 ἀκινήτους
1463 1709 1544 1798 ἐντῶ

327 1825 428 1909 παντί,
451 1825 611 1912 συμβαίνει
632 1824 732 1912 πάντη
755 1849 790 1891 τε
812 1829 867 1891 καί
887 1825 1009 1906 πάντως
1032 1828 1251 1895 ἐπιτελεῖσθαι.

414 1937 472 2004 20.
515 1937 580 2022 Γῆς
596 1939 632 2002 δέ
648 1939 703 2002 καί
725 1936 857 2022 ούρανοῦ
876 1939 1155 2025 διακοσμηθέντων
1176 1951 1239 2018 τοῖς
1260 1941 1464 2027 προσήκουσι
1483 1937 1533 2004 νόσ

328 2070 409 2135 μοις,
438 2049 494 2134 τής
522 2050 578 2136 μέν
604 2048 718 2134 τριάδι,
746 2056 801 2114 τού
831 2043 862 2113 δ’
892 2049 934 2128 ῶς
961 2050 1084 2137 ἐλέχθη
1111 2052 1250 2138 τετράδι,
1278 2054 1317 2118 τά
1346 2052 1457 2140 θνητά
1480 2051 1534 2136 γέη

271 2181 307 2227 15
326 2160 538 2246 ζῳοπλαστείν
561 2161 719 2247 ἐνεχείρει,
742 2161 798 2245 τήν
815 2157 918 2248 ἀρχήν
933 2160 995 2226 ἀπό
1017 2163 1079 2229 τῶν
1099 2161 1231 2250 ἐνύδρων
1251 2165 1440 2252 ποιούμενος
1455 2157 1534 2250 ἡμέρη

190 2298 216 2352 μ.
229 2283 262 2335 11
272 2283 308 2337 Μ.
327 2273 331 2360 Ι
348 2273 485 2359 πέμπτη,
507 2273 635 2358 νομίσας
657 2271 746 2337 ούδέν
769 2266 866 2350 ούτως
888 2275 994 2359 ἕτερον
1016 2274 1111 2361 ἑτέρῳ
1134 2279 1281 2363 συγγενές
1305 2272 1347 2354 ῶς
1369 2277 1465 2363 ζῴοις
1484 2295 1533 2338 τεν

325 2383 420 2449 τάδα.
445 2384 582 2469 διαφέρει
603 2383 664 2471 γάρ
688 2386 816 2471 ἔμψυχα
839 2384 970 2472 ἀψύχων
985 2385 1086 2453 ούδενί
1109 2389 1228 2474 μᾶλλον
1249 2389 1271 2474 ι]
1294 2389 1464 2474 αἰσθήσει·
1483 2407 1533 2452 πεν

324 2503 410 2582 ταχή
439 2497 474 2560 δέ
501 2495 616 2582 τμητόν
644 2497 805 2582 αἴσθησις,
835 2499 877 2575 εἰς
904 2497 1026 2583 ὅρασιν,
1066 2500 1108 2577 εἰς
1136 2498 1252 2585 ἀκοήν,
1283 2502 1326 2578 εἰς
1357 2503 1479 2587 γεῦσιν,
1506 2498 1534 2572 εί

325 2603 491 2692 ὅσφρησιν,
521 2608 563 2684 εἰς
590 2602 688 2692 ἁφήν·
718 2607 837 2695 ἑκάστη
868 2610 969 2695 μέντοι
997 2611 1196 2698 προσένειμεν
1225 2605 1241 2676 ὅ
1271 2613 1367 2678 ποιῶν
1396 2615 1455 2677 καί
1476 2610 1532 2688 ἐξαι-

413 2807 541 2873 1μέτρον
559 2804 589 2859 F
656 2805 745 2860 ἄλλων
772 2802 918 2873 ἀστέρων
941 2808 1012 2862 coni.
1035 2809 1151 2877 Mangey
1220 2811 1239 2862 4
1262 2815 1310 2863 καί
1332 2815 1400 2864 ante
1428 2815 1460 2863 έκ
1481 2813 1533 2861 δυιιν

326 2909 379 2948 om.
402 2891 461 2946 BD
542 2894 559 2945 5
582 2892 735 2962 ἰσάριθμον]
760 2897 797 2956 εἰς
821 2888 936 2960 ἀριθμόν
954 2893 992 2947 Μ
1071 2896 1086 2948 7
1111 2897 1298 2966 διατείνουσιν]
1326 2893 1502 2951 ἀνατείνουσιν
1520 2879 1544 2945 ίί

325 2981 359 3034 cf.
378 2998 404 3049 p.
423 2981 500 3043 2726
518 2979 552 3032 M.
635 2975 736 3032 8κατ’
759 2975 877 3046 ούρανῶν
899 2979 930 3032 D
1013 2983 1043 3033 11
1069 2987 1116 3034 καί
1138 2982 1229 3050 νόμοις
1253 3000 1306 3037 om.
1330 2983 1353 3036 I
1439 2985 1470 3037 17
1489 2999 1532 3046 συμ-

326 3071 406 3132 βαίνει
420 3065 517 3122 VMF:
537 3069 683 3132 συμβαίνειν
702 3069 751 3120 ab
825 3066 939 3118 πάντοτε
956 3066 987 3120 F
1054 3071 1211 3122 ἐπιτελεῖται
1228 3087 1252 3125 a
1314 3087 1350 3123 an
1370 3073 1456 3125 scrib.
1473 3066 1533 3122 ἀπο·

324 3155 474 3205 τελεῖσθαιί
494 3154 527 3206 εἰ.
548 3170 573 3221 p.
592 3153 653 3218 33‚3
671 3153 704 3206 Μ,
782 3153 815 3205 14
836 3156 906 3220 γένει
929 3153 955 3206 Α
1032 3155 1064 3208 16
1088 3159 1178 3223 έτερον
1201 3156 1286 3220 οὕτως
1309 3161 1404 3225 έτέρου
1426 3158 1461 3224 F,
1482 3156 1532 3208 οὖτιι

326 3240 434 3306 στερρόν
453 3243 534 3306 έτέρῳ
549 3239 591 3306 Μ,
605 3239 689 3303 οὕτως
703 3257 794 3295 σιωα
867 3242 897 3293 17
917 3244 1050 3308 διαφέρειν
1068 3242 1120 3294 ΑΟ
1188 3241 1260 3312 γάρ]
1280 3247 1310 3294 δέ
1328 3242 1366 3296 Μ
1440 3246 1472 3298 18
1486 3257 1544 3338 τμηγ

325 3327 370 3378 τόν
387 3324 452 3380 Vb:
471 3325 602 3392 διαιρετόν
621 3323 684 3381 Ma
758 3324 861 3394 ὅρασιν]
880 3324 946 3392 ὅράν
963 3325 993 3378 D
1074 3333 1120 3392 εἰς
1146 3324 1265 3398 ἀκοήν,
1289 3333 1334 3392 εἰς
1356 3335 1482 3398 γεῦσιν,
1500 3331 1531 3386 εἰς

326 3413 487 3480 ὄσφρησιν
515 3411 619 3468 VMa:
649 3418 686 3477 εἰς
717 3413 820 3481 ubique
849 3430 903 3466 om.
930 3418 950 3468 δ
1053 3417 1085 3468 19
1113 3421 1159 3479 εἰς
1187 3414 1272 3484 άφήν
1300 3415 1414 3472 VMa:
1443 3417 1532 3472 καίείς

325 3497 524 3566 άφήνΕΗΙΚ,
542 3503 590 3551 καί
607 3498 680 3567 άφήν
697 3499 723 3552 L
740 3499 796 3554 edd.
867 3497 994 3570 ὅποιῶν]
1013 3499 1108 3565 ὅθεός
1126 3505 1206 3554 ποιῶν
1224 3501 1262 3568 D,
1280 3501 1379 3555 ὁποίων
1398 3504 1441 3558 Μ
1499 3503 1531 3553 καί

326 3590 391 3639 ante
409 3589 560 3652 ἐξαιρέτους
579 3603 632 3640 om.
646 3584 687 3652 M,
706 3587 765 3640 eius
778 3587 840 3640 loco
854 3587 916 3640 add.
929 3593 989 3653 περί
1008 3587 1158 3656 αἰσθήσεων
1170 3589 1244 3656 ζῴων
1257 3591 1391 3655 διαθέσεις
1411 3593 1457 3658 ὢν,
1469 3589 1531 3644 verba

416 3737 427 3788 1
451 3753 513 3804 sqq.
538 3737 572 3788 de
594 3737 737 3790 monarch.
761 3737 786 3790 ΙΙ
803 3738 855 3790 776
881 3734 986 3806 ἡμέρας
1008 3743 1055 3791 καί
1073 3739 1178 3805 νύκτας,
1198 3739 1283 3807 μῆνάς
1300 3757 1330 3792 τε
1346 3742 1396 3790 καί
1414 3736 1531 3796 ἐνιαυτούς

325 3825 373 3874 καί
395 3821 511 3885 συνόλως
533 3822 628 3888 χρόνον
650 3827 688 3886 τίς
711 3818 843 3886 ἀνέδειξεν
866 3822 906 3875 ὅτι
929 3825 964 3893 μή
989 3818 1102 3892 σελήνης
1131 3829 1178 3877 καί
1204 3823 1281 3893 ήλίου
1307 3829 1355 3878 καί
1381 3825 1438 3878 τῶν
1464 3826 1531 3878 ἀλλων

325 3903 443 3975 ἀστέρων
461 3909 610 3976 έναρμόνιοι
627 3914 674 3962 καί
692 3911 790 3973 παντός
809 3910 892 3978 λόγου
909 3915 1047 3978 κρείττους
1065 3917 1220 3978 περιφοραί;
1239 3917 1277 3976 τίς
1296 3915 1327 3964 δὲ
1344 3912 1393 3979 τήν
1410 3918 1463 3966 τοῦ
1474 3908 1529 3978 ἀριθ

321 3995 376 4062 μού
395 3995 470 4068 φύσιν
487 3994 527 4048 ὅτι
540 3995 575 4064 μή
589 3996 621 4048 τά
640 3998 772 4064 λεχθέντα
789 3998 861 4050 κατά
879 3997 928 4060 τάς
945 4001 996 4050 τῶν
1015 4001 1100 4065 μερῶν
1118 4001 1165 4050 τού
1183 3999 1280 4066 χρόνου
1297 4001 1450 4064 συνθέσεις;
1467 3999 1530 4052 Ρλεί

326 4082 394 4136 Tim.
413 4082 470 4135 47a
488 4085 531 4135 νύν
550 4077 574 4133 δ’
586 4079 675 4150 ἡμέρα
693 4101 723 4136 τε
740 4087 788 4136 καί
805 4083 849 4146 νύξ
871 4079 996 4150 όφθείσαι
1015 4087 1095 4152 μήνές
1113 4102 1142 4136 τε
1159 4090 1207 4138 καί
1225 4088 1348 4138 ἐνιαυτῶν
1366 4091 1487 4152 περίοδοι
1500 4100 1529 4150 με·

327 4170 490 4236 μηχάνηνται
509 4172 555 4236 μέν
574 4165 695 4236 ἀριθμόν,
713 4169 811 4237 χρόνου
830 4165 855 4221 δ’
868 4173 969 4222 ἐννοιαν
986 4175 1047 4237 περί
1064 4188 1093 4222 τε
1110 4173 1159 4240 τῆς
1175 4172 1221 4224 τού
1238 4173 1337 4236 παντὸς
1348 4172 1459 4239 φύσεως
1470 4172 1544 4239 {rimu

326 4272 364 4307 σιν
381 4258 485 4309 έδοσαν.
558 4258 589 4309 17
608 4274 670 4325 sqq.
690 4258 724 4309 de
742 4258 829 4325 plant.
849 4258 861 4310 I
879 4257 931 4310 349
948 4262 996 4310 καί
1014 4259 1056 4310 διά
1084 4261 1162 4310 τούτο
1192 4263 1279 4325 μέντοι
1305 4259 1350 4311 τόν
1372 4263 1480 4326 καρπόν
1498 4229 1544 4318 τοῦ]

326 4345 444 4408 πέμπτου
462 4341 524 4410 ἡμῖν
542 4339 703 4414 ἀνατίθησιν,
721 4343 763 4395 ὅτι
781 4343 931 4412 αἰσθήσεως
949 4345 1045 4409 πεντάς
1064 4340 1178 4412 ἀριθμός
1196 4350 1295 4410 οἰκείας
1312 4350 1359 4398 καί
1377 4351 1401 4398 εἰ
1414 4351 1460 4400 δεῖ
1468 4342 1544 4408 πέλτη

325 4430 374 4491 θές
392 4433 472 4481 εἰπεῖν
489 4430 519 4481 τό
538 4433 635 4497 τρέφον
652 4426 697 4483 τόν
717 4434 778 4482 νοῦν
800 4429 875 4498 ήμῶν
898 4434 965 4484 ἐστιν
989 4435 1117 4500 αἴσθησις,
1144 4433 1161 4500 ή
1187 4429 1221 4485 δι’
1233 4429 1382 4500 ὀφθαλμῶν
1405 4435 1459 4500 τοὶς
1478 4421 1544 4500 χρυ]

326 4514 414 4580 μάτων
431 4520 479 4568 καί
497 4517 639 4584 σχημάτων
656 4518 800 4586 ποιότητας
819 4513 1008 4585 εύτρεπίζουσα
1030 4519 1047 4587 ἦ
1072 4515 1105 4571 δι’
1121 4518 1194 4572 ῶτων
1220 4519 1395 4584 παντοδαπάς
1420 4523 1472 4586 τοὶς
1493 4501 1544 4590 τῶν]

319 4604 418 4667 ’φωνῶν
437 4603 568 4670 ἰδιότητας
585 4604 602 4672 ή
623 4605 666 4656 διά
685 4605 825 4673 μυκτήρων
843 4601 928 4671 ὀσμάς
945 4605 963 4673 ἡ
982 4607 1081 4674 χυλούς
1105 4608 1148 4658 διαὶ
1168 4607 1299 4673 στόματος
1317 4607 1333 4676 ἦ
1354 4609 1528 4674 μαλακότητες

326 4683 480 4752 εύενδότους
492 4695 538 4742 καί
551 4691 737 4760 σκληρότητας
750 4688 904 4756 ἀντιτύπους
916 4692 933 4761 ἦ
947 4693 1088 4761 λειότητας
1099 4699 1146 4747 καί
1160 4695 1328 4764 τραχύτητας
1339 4690 1527 4762 <ψυχρότητάς>
