3092 5236
507 380 709 480 21--

4 590 47 652 ιαί
68 581 340 675 ῦποσιιελιζούσης
361 587 417 674 τῆς
439 582 605 674 ἀκρασίας·
634 595 757 654 σιτεῖται
784 584 812 653 τ’
842 580 901 653 ούκ
923 585 1064 672 ούράνιον
1085 584 1211 673 τροφήν,

4 697 29 784 ῆν
53 697 163 786 ὀρέγει
192 709 255 778 τοῖς
275 698 484 787 φιλοθεάμοσι
511 698 562 765 διά
582 698 685 785 λόγων
706 700 761 765 καί
782 697 946 785 δογμάτων
967 698 1078 784 σοφία,
1104 698 1160 783 την
1182 697 1211 764 δ’

4 807 222 898 ἱναδιδομένην
256 812 294 876 έοι
324 812 383 898 γῆς
410 812 493 877 κατὰ
519 810 573 890 τὰς
602 810 743 896 ἐτησίους
770 808 865 896 ιῦρας,
894 809 926 889 ἐξ
953 809 991 896 ης
1024 810 1213 897 οἰνοφλυγίαι

4 925 46 987 ιαί
90 922 266 1010 ὀψοφαγίαι
312 926 367 989 ιιαὶ
413 923 610 1010 λαιμαργίαι,
646 923 732 1009 (af)
773 920 828 1001 τὰς
873 922 1006 1008 γαστρός
1049 922 1213 1010 ἐπιθυμίας

4 1037 312 1122 τροσαναρρηγνῦσαι
352 1039 407 1101 καί
440 1035 692 1123 ἀναρριπίζουσαι
730 1038 785 1100 καί
824 1027 1102 1120 άνδραποδίζουσαι
1136 1033 1213 1119 πρός
1236 1054 1269 1099 Ιτ

4 1148 243 1234 γαστριμαργίαν
264 1147 445 1228 συναύξουσι
466 1150 520 1212 καί
543 1145 788 1234 άναρρηγνύουσι
809 1149 864 1212 καί
891 1147 962 1224 τούς
988 1139 1213 1232 ῦπογαστρίους

4 1261 153 1344 οἴστρους·
176 1259 344 1327 σιτοπόνων
365 1283 398 1326 τε
420 1261 482 1346 γάρ
504 1263 559 1326 καί
581 1259 760 1345 ὀψαρτυτῶν
787 1258 928 1347 κάματον
955 1257 1137 1344 ἐπιλιχνεύει
1158 1259 1213 1323 καί

4 1373 48 1455 τῆς
77 1365 144 1437 ἀπὸ
171 1379 232 1439 τῶν
258 1367 445 1460 ἡδυσμάτων
472 1371 600 1458 τινίσσης
628 1372 659 1437 έν
681 1370 789 1457 κύκλῳ
817 1370 873 1458 την
894 1370 1037 1457 κεφαλὴν
1058 1369 1213 1456 περιάγων

4 1483 247 1572 μεταλαμβάνειν
287 1486 342 1570 τῆς
389 1484 566 1571 εἰδεχθείας
613 1483 769 1570 ὀρέγεται,
819 1485 874 1549 καὶ
915 1478 1010 1549 ὁπότε
1055 1482 1211 1567 πολυτελῆ

4 1594 156 1680 τράπεζαν
184 1596 352 1681 θεάσαιτο,
379 1595 568 1683 καταβαλών
596 1594 688 1662 αύτόν
717 1594 789 1662 ὀλον
824 1596 874 1661 ἐπὶ
906 1593 945 1660 τοὶ
974 1587 1212 1681 εὐτρεπισθέντα
1234 1608 1268 1654 ιυ

4 1707 153 1793 ἐκχεῖται,
181 1707 304 1775 πάντων
331 1707 451 1795 ἀθρόον
478 1707 662 1788 σπουδάζων
690 1707 912 1795 ἐμφορεῖσθαι,
939 1706 1027 1785 τέλος
1055 1705 1091 1772 ού
1119 1705 1213 1792 κόρον

4 1811 79 1884 άλλά
100 1819 138 1886 τό
161 1823 259 1908 μηδὲν
281 1814 508 1887 ὑπολείπεσθαι
535 1823 596 1887 τῦν
623 1817 885 1905 εὐτρεπισθέντων
911 1816 1106 1905 ποιούμενος.
1136 1817 1212 1885 ὅθεν

4 1930 57 2017 οὐχ
78 1931 173 2017 ἧττον
194 1928 296 2017 ’ὄφεως
318 1934 350 2001 ἐν
371 1943 433 2011 τοῖς
455 1931 577 1999 ὀδοῦσιν
599 1931 774 2017 ἐπιφέρεται
792 1932 844 1997 τὸν
867 1930 925 1998 ίόν·
950 1929 1033 1996 οῦτοι
1053 1928 1115 2017 γάρ
1139 1931 1212 1996 εἰσιν

4 2038 171 2130 ἀπληστίας
193 2038 345 2132 ὑπηρέται
366 2047 421 2111 καὶ
442 2043 600 2130 ὑπουργοί,
623 2041 723 2110 πάνθ’
740 2037 800 2108 όσα
821 2043 898 2129 πρὸς
921 2041 1041 2128 ἐδωδὴν
1054 2041 1212 2129 τέμνοντές

4 2177 33 2220 τε
63 2159 118 2221 καί
150 2157 322 2236 λεαίνοντες
359 2160 417 2223 καί
445 2158 481 2225 τὸ
515 2159 569 2244 μέν
600 2157 722 2242 πρῶτον
756 2153 879 2243 γλιύτιη
915 2154 1136 2240 παραδιδόντες
1172 2159 1211 2240 τη
1233 2173 1269 2218 15

4 2267 112 2351 χυλοὺς
146 2269 319 2357 δικαζούση
352 2270 429 2356 πρὸς
462 2269 625 2355 ἐπίκρισιν,
666 2269 772 2333 ἔπειτα
811 2269 847 2333 δὲ
886 2265 1037 2354 φάρυγγι·
1072 2267 1076 2354 ί
1112 2267 1212 2333 σιτίων
1230 2303 1255 2354 p.
1265 2286 1299 2340 39
1312 2286 1346 2339 M,

4 2371 29 2440 δ’
45 2373 176 2466 ἀμετρία
193 2382 375 2461 θανατῶδες
392 2380 481 2467 φύσει
498 2383 553 2447 καί
575 2379 712 2468 ἰοβόλον,
731 2375 786 2445 ἅτε
807 2379 898 2464 πέψιν
920 2374 979 2445 οῦκ
1001 2379 1212 2466 ἐνδεχομένων

668 2489 684 2511 (θ

5 2489 48 2554 διά
84 2492 142 2580 την
180 2501 241 2559 τῶν
278 2493 470 2561 ἐπεισιόντων
508 2491 623 2578 φοράν,
662 2514 684 2578 η
724 2493 838 2578 γίνεται
876 2495 946 2578 πρὶν
985 2491 1212 2580 ἐξικμασθηναι

5 2602 39 2666 τά
57 2604 203 2692 πρότερα.

83 2742 142 2810 57.
175 2741 290 2829 Φωνην
312 2736 343 2809 δ’
360 2737 553 2829 ἀνθρώπειον
575 2742 642 2828 ὄφις
663 2742 787 2828 λέγεται
807 2743 983 2829 προίεσθαι,
1000 2741 1074 2809 διότι
1097 2739 1212 2830 μυρίοις
1232 2764 1267 2810 τυ

86 3130 166 3198 ίτῆς
186 3145 239 3183 om.
258 3128 296 3184 Μ
379 3124 404 3182 δ’
425 3125 474 3182 οῦκ
498 3128 563 3183 MD
650 3131 737 3185 δοιαὶ
758 3131 801 3184 διά
824 3130 911 3199 λόγων
933 3129 1014 3185 ΑΒΘ
1098 3137 1145 3186 καί
1168 3133 1211 3186 διά

11 3213 136 3280 δογμάτων
154 3215 186 3269 D
255 3216 323 3268 ίαῖ
340 3217 402 3271 add.
422 3215 540 3270 Creuzer
613 3218 683 3270 4-7
701 3219 749 3282 τάς
766 3219 882 3287 γαστρὸς
900 3221 1039 3286 ἐπιθυμίας
1058 3219 1211 3284 συναύξουσι

11 3302 67 3366 πρὸς
82 3307 302 3371 γαστριμαργίαν·
321 3299 516 3372 ἀναρρηγνύσαι
534 3304 594 3375 (sic)
613 3310 660 3359 καί
677 3301 916 3372 άνδραποδίζουσαι
938 3307 987 3370 τοὶς
1004 3312 1211 3375 γαστριμαργίας

12 3390 123 3454 καὶτοὺς
141 3388 333 3459 ῦπογαστρίους
352 3394 470 3457 οἴστρους
483 3389 520 3444 Μ
573 3392 876 3461 5προσαναρρηγνῦσαι]
894 3388 1122 3461 οἱναρρηγνύουσαι
1140 3395 1210 3449 coni.

14 3472 123 3531 Creuzer.
230 3472 508 3544 άναρριπίςουσαι
529 3479 663 3547 Mangey:
686 3475 892 3546 άναρρυιτοῦσαι
909 3477 979 3532 codd.
1084 3481 1101 3532 6
1119 3481 1211 3534 συναύ-

14 3561 91 3620 ξουσαι
108 3581 132 3619 α
206 3557 434 3632 άναρρηγνύουσαι
457 3583 491 3631 ας
509 3566 786 3634 προσαναρρηγνύουσι
804 3565 873 3621 coni.
893 3565 1009 3620 Greuzer
1082 3571 1129 3620 καί
1147 3572 1211 3621 ante

14 3647 65 3710 τοῦς
81 3666 133 3705 om.
151 3667 175 3706 a
236 3652 252 3703 7
271 3651 475 3719 ἐπιλιχνεύει
493 3649 530 3706 Μ
539 3673 545 3706 :
569 3652 774 3720 περιλιχνεῦουσι
794 3652 872 3708 σείοντ’
928 3655 946 3708 8
963 3653 1011 3722 τῆς
1029 3651 1154 3712 ΜΑΟῦι
1173 3672 1212 3719 τις

14 3731 64 3798 (sed
78 3754 86 3788 ι
100 3737 128 3790 in
141 3737 206 3806 σεε.)
224 3735 252 3790 Β
269 3737 388 3807 (Μέση),
405 3739 454 3802 τοὶς
471 3738 502 3793 D
554 3744 683 3808 κνίσηςί)
736 3740 980 3809 9μεταλαμβάνειν
996 3740 1044 3809 τῆς
1062 3744 1212 3809 εἰδεχθείας

16 3813 124 3888 ὀρέγεται
141 3828 209 3881 ab:
226 3825 420 3893 μεταλαμβάνει
431 3830 479 3879 καί
491 3831 595 3895 μετέχει
606 3830 654 3896 τῆς
667 3831 827 3896 εἰδεχθείας·
840 3823 963 3896 ὀρέγεται
980 3831 1010 3881 δὲ
1028 3827 1065 3882 Μ
1067 3849 1074 3896 ;
1092 3828 1144 3897 η’δη
1163 3832 1211 3897 τῆς

15 3906 71 3972 θέας
96 3912 154 3979 (pro
182 3914 230 3980 τῆς
258 3914 415 3982 εἰδεχθείας)
438 3914 527 3982 Mang.
552 3914 730 3984 (christoph.)
820 3916 852 3969 10
869 3915 1068 3982 καταβαλών
1086 3915 1123 3969 Μ
1132 3935 1138 3969 :
1157 3919 1210 3968 ἐπι-

16 3990 89 4054 βαλῦν
104 3996 181 4052 ceteri
224 3995 517 4069 αῦτόν]αῦτόνΜ1λΙΙ>
571 4000 775 4071 11έγχεῖταιΜ
823 4003 927 4056 πάντων
935 3998 1037 4070 ἀθρόον
1046 4002 1210 4072 σπουδάζων]

16 4073 88 4135 πάντα
111 4084 251 4152 ἄνθρωπον
274 4086 392 4140 σπεύδων
413 4085 458 4152 Μ;
481 4083 590 4156 ἀθρόων
613 4089 683 4143 coni.
701 4089 845 4143 Markland
931 4093 1029 4154 τέλος
1052 4085 1088 4142 οῦ
1109 4089 1211 4157 κόρον

17 4158 139 4224 ἅλλάΜ
147 4192 153 4226 :
172 4175 249 4237 τέλος
273 4169 323 4240 οῦχ
340 4173 403 4241 ὅρον
421 4173 489 4228 ἄλλο
507 4174 600 4244 (ἄλλον
612 4173 640 4246 Ι)
659 4176 676 4245 ἦ
695 4180 723 4244 ί),
741 4179 818 4240 τέλος
837 4171 996 4244 οῦκάλλοῆ
1015 4194 1039 4233 α
1128 4178 1160 4231 13
1178 4180 1211 4229 ἐν

16 4259 74 4317 τοῖς
96 4252 197 4312 ὀδοῦσιν
215 4258 252 4313 Μ
261 4280 267 4315 :
295 4256 384 4325 αὐτοῖς
405 4257 509 4316 ὀδοῦσιν
534 4261 686 4330 FHKLa,
710 4259 793 4333 αὐτῆς
814 4260 919 4318 ὀδοῦσιν
937 4261 959 4316 Ι
1043 4263 1076 4316 14
1098 4265 1211 4334 ἐδωδήν]

18 4334 99 4410 ίῦδνήν
119 4344 176 4402 Fa
274 4349 307 4401 15
336 4351 439 4416 πρῶτον
467 4349 582 4421 γλιύττη]
611 4352 715 4421 γλώττῃ
744 4351 872 4419 πρότερον
899 4349 937 4405 Μ
1018 4350 1063 4421 τῇ]
1093 4352 1155 4415 τούς
1178 4349 1215 4406 Μ

47 4427 74 4480 16
89 4433 177 4498 χιλοῦς
192 4431 275 4490 BDb
353 4430 508 4507 δικαζούση]
526 4438 662 4506 διχάζουσι
680 4437 717 4492 Μ
793 4440 825 4492 17
845 4434 869 4491 δ’
894 4455 947 4491 om.
966 4454 990 4493 a
1067 4437 1209 4506 θανατύδη

21 4506 81 4574 φύσιν
96 4516 130 4572 Μ
195 4521 366 4589 ἐνδεχόμενον
384 4521 421 4576 Μ
489 4524 521 4578 18
539 4525 713 4595 ἐπεισιόντων]
731 4529 858 4579 ἐπισιτίων
876 4522 913 4577 Μ
979 4525 1083 4592 φοράν
1101 4524 1209 4581 MFa:

21 4598 167 4670 ἑίῑῑφθρνὶνῦ
240 4607 481 4678 ἣυΙωΜῆΒ
550 4614 582 4666 19
600 4609 866 4681 τάπρότεραΜτ
884 4611 1211 4679 καίτάπρότεραοεόονί

49 4687 78 4741 70
91 4686 251 4764 ἀνθρωπίνην
269 4714 293 4752 a
362 4701 501 4764 προΐεσθαι
518 4699 597 4756 Ma:
614 4704 746 4769 προέσθαι
762 4705 783 4756 b
