3092 5236
9 569 271 652 ιεγαλοπολῦται,
308 566 359 636 τόν
395 568 537 655 μέγιστον
575 569 739 656 περίβολον
779 570 874 636 οἰκεῖν
908 569 1058 656 λαχόντες
1093 574 1148 636 καί
1183 573 1226 658 τῷ

9 681 146 768 μεγίστῳ
169 683 225 746 καὶ
244 680 427 768 τελειοτάτῳ
449 680 649 768 πολιτεύματι
671 682 894 769 ἐγγραφέντες.
923 673 1007 748 οὗτοι
1034 685 1069 748 δέ
1090 683 1167 762 τίνες
1189 679 1226 750 ἀν

9 794 65 858 εἶεν
89 791 139 857 ὅτι
162 792 206 878 μὴ
227 793 353 879 λογικαί
373 797 428 860 καί
455 795 539 860 θεῖαι
567 793 681 879 φύσεις,
710 796 743 859 αί
771 798 825 882 μέν
853 789 1011 882 ἀσώματοι
1033 799 1087 860 καί
1108 796 1225 882 νὀηταί,

9 906 37 970 τί
65 898 98 968 δ’
126 903 186 970 ούκ
213 904 285 972 ἀνευ
312 905 478 993 σωμάτων,
508 904 632 984 ὁποίους
660 907 857 995 συμβέβηκεν
886 909 961 974 είναι
986 907 1057 986 τούς
1079 905 1225 993 ἀστέρας;

9 1018 48 1094 οἰς
85 1018 289 1104 προσομιλῶν
322 1021 376 1083 καί
409 1019 662 1106 συνδιαιτώμενος
695 1018 822 1097 εἰκότως
855 1020 887 1086 έν
920 1012 1046 1106 ἀκράτῳ
1080 1021 1226 1110 διέτριβεν

9 1126 204 1216 εὐδαιμονίᾳ·
234 1130 385 1216 συγγενὴς
410 1153 444 1196 τε
471 1133 526 1196 καὶ
554 1129 745 1218 άγχίσπσρσς
774 1131 816 1199 ών
841 1133 895 1198 τού
923 1131 1084 1218 ἡγεμόνος,
1108 1131 1162 1198 ἅτε
1184 1131 1224 1218 δὴ

9 1241 129 1306 πολλοῦ
157 1242 279 1326 ῥυέντος
305 1243 347 1320 εἰς
374 1241 466 1308 αύτόν
495 1251 550 1310 τοῦ
578 1245 667 1309 θείου
695 1243 883 1332 πνεύματος,
910 1245 1011 1312 πάντα
1039 1247 1094 1311 καί
1125 1244 1225 1330 λέγειν

9 1356 58 1418 καί
93 1353 240 1439 πράττειν
274 1353 464 1434 ἐσπούδαζεν
494 1357 536 1433 εἰς
564 1347 729 1441 ἀρέσκειαν
756 1363 811 1421 τοῦ
838 1355 955 1442 πατρὸς
981 1359 1036 1422 καί
1065 1356 1223 1443 βασιλέως,

9 1465 160 1551 ἑπόμενος
187 1460 261 1532 κατ’
290 1469 375 1552 ίχνος
402 1465 486 1554 αύτῷ
512 1477 577 1545 ταῖς
604 1461 686 1546 ὁδοῖς
714 1467 751 1546 ἃς
777 1467 956 1555 λεωφόρους
979 1469 982 1556 ἡ
1007 1468 1223 1556 ἀνατέμνουσιν
1240 1496 1266 1546 p.
1279 1479 1313 1532 35
1324 1479 1357 1533 M.

9 1570 127 1660 ἀρεταί,
151 1575 191 1642 δι’
216 1577 258 1646 ών
281 1577 386 1664 μόναις
409 1578 523 1665 ψυχαῖς
544 1579 635 1667 θέμις
659 1579 896 1667 προσέρχεσθαι
922 1581 1010 1659 τέλος
1037 1576 1223 1668 ἡγουμέναις
1244 1593 1278 1638 1⁰

9 1687 62 1774 τὴν
84 1690 165 1775 πρός
186 1689 237 1756 τόν
258 1690 449 1776 γεννήσαντα
471 1688 547 1756 θεόν
571 1690 757 1778 ἐξομοίωσιν.

94 1801 154 1868 51.
198 1804 262 1869 Τοῦ
291 1807 346 1892 μέν
368 1804 421 1872 ούν
444 1803 567 1890 πρώτου
590 1805 700 1891 φύντος
723 1800 891 1892 ἀνθρώπου
913 1805 948 1872 τό
970 1804 1050 1872 καθ’
1075 1805 1224 1891 ἑκάτερον

12 1913 118 1998 ψυχὴν
146 1937 179 1979 τε
208 1918 262 1980 καί
290 1923 382 2003 σῶμα
407 1915 537 2000 κάλλος,
568 1919 595 1982 εί
621 1921 678 1982 καί
703 1918 810 2005 πολλῷ
832 1925 888 2004 τῆς
911 1917 1063 2005 ἀληθείας
1085 1918 1222 2002 ἔλαττον,

12 2023 80 2088 ἀλλ’
111 2024 165 2092 οὖν
190 2026 274 2093 κατά
304 2027 361 2114 τὴν
389 2021 543 2115 ἡμετέραν
573 2028 699 2116 δύναμιν
725 2023 766 2108 ώς
793 2029 856 2098 οίόν
881 2029 911 2095 τ’
934 2029 973 2116 ἡν
996 2033 1129 2117 εἴρηται.
1151 2028 1222 2108 τούς

13 2134 39 2198 δ’
66 2130 240 2223 ἀπογόνους
266 2140 323 2224 τὴς
353 2139 472 2205 ἐκείνου
501 2140 687 2226 μετέχοντας
709 2141 792 2219 ἰδέας
814 2135 998 2228 ἀναγκαῖον,
1022 2143 1048 2207 εί
1069 2143 1124 2206 καί
1146 2140 1221 2227 ἀμυ-
1242 2152 1277 2199 15

13 2246 109 2331 δρούς,
144 2242 216 2315 ἀλλ’
247 2250 300 2317 οὖν
328 2253 371 2316 έτι
403 2250 511 2338 σῴζειν
539 2251 609 2330 τούς
636 2251 750 2331 πίπους
774 2260 830 2338 τῆς
857 2254 933 2338 πρός
958 2254 1011 2319 τόν
1036 2251 1220 2338 προπάτορα

13 2361 201 2445 συγγενείας.
237 2360 258 2447 ἡ
297 2364 332 2427 δέ
368 2363 530 2449 συγγένεια
562 2364 605 2442 τίς
612 2386 620 2448 ;
657 2366 718 2444 πᾶς
755 2363 920 2451 ἄνθρωπος
955 2365 1038 2429 κατά
1074 2366 1128 2450 μέν
1164 2362 1220 2450 τὴν

15 2469 145 2538 διάνοιαν
173 2467 325 2560 ιβκείωται
351 2472 436 2560 λόγῳ
465 2475 560 2560 θείῳ,
587 2476 642 2561 τὴς
671 2475 825 2561 μακαρίας
857 2475 978 2560 φύσεως
1005 2478 1171 2564 ἐκμαγεῖον
1197 2471 1220 2562 ἡ

17 2573 205 2671 ἀπόσπασμα
240 2585 262 2671 ἡ
300 2585 493 2674 ἀπαύγασμα
527 2586 679 2674 γεγονώς,
712 2587 795 2652 κατά
829 2589 863 2652 δέ
895 2587 951 2674 τὴν
987 2594 1041 2654 τοῦ
1078 2586 1220 2675 σώματος

16 2697 210 2783 κατασκευὴν
230 2693 341 2767 ἅπαντι
361 2703 405 2786 τῷ
427 2699 550 2788 κόσμῳ·
574 2701 785 2786 συγκέκραται
805 2699 866 2787 γάρ
890 2702 928 2766 ἐκ
948 2709 1014 2794 τῶν,
1031 2699 1139 2784 αὐτῶν,
1161 2701 1220 2787 γῆς
1239 2706 1275 2756 20

94 2940 107 2991 1
128 2943 154 2992 οἱ
171 2943 236 3008 post
252 2943 460 3007 μεγαλοπολῖτοιι
478 2942 540 2996 add.
558 2939 617 2995 BD
697 2941 714 2994 1
731 2945 876 3009 γραφέντες
894 2959 918 2997 α
999 2944 1015 2995 3
1038 2943 1145 3009 λογικαί
1162 2946 1219 2994 καί

15 3025 79 3076 θεῖαι
95 3024 133 3080 Μ
142 3045 149 3078 :
167 3030 215 3079 καί
232 3043 286 3082 om.
303 3026 381 3080 ceteri
458 3028 475 3082 5
493 3028 658 3095 προσομιλῶν
676 3045 744 3082 corr.
764 3045 797 3082 ex
815 3031 957 3096 συνομιλῶν
973 3027 1019 3084 1⁹¹²
1096 3025 1217 3098 ἀκράτῳ]

17 3105 149 3180 ἀκροτάτῳ
167 3111 254 3177 ABG,
273 3109 410 3182 ἀκροτάτη
429 3112 460 3166 D
516 3115 596 3185 ῦδὴ]
615 3119 645 3167 δέ
662 3114 772 3169 FHIK
826 3116 905 3169 7τού
925 3133 977 3172 om.
996 3134 1019 3172 a
1072 3116 1217 3185 8πατρός]

17 3199 154 3266 πνεύματος
172 3199 291 3270 (πῙς)Μ
340 3201 432 3268 μετιών
444 3207 508 3271 post
527 3205 654 3269 βασιλέως
672 3201 782 3258 add.M
834 3199 939 3257 9κατ’
958 3207 1049 3270 ἴχνος
1067 3199 1200 3270 αύτῷΜ
1210 3223 1216 3258 :

18 3279 78 3352 αύτῷ
100 3282 162 3340 κατ’
187 3291 261 3354 ἰχνος
282 3287 359 3343 σείοντ’
446 3286 481 3353 ὥς
504 3289 575 3343 inter
599 3289 632 3353 ἃς
659 3294 687 3342 et
712 3289 866 3357 λεωφόρους
897 3290 1013 3344 inseruit
1043 3291 1159 3359 Mangey
1184 3305 1217 3343 απ

18 3367 76 3426 Μαι.
93 3374 130 3442 (ί)
148 3376 174 3427 et
193 3372 342 3444 Οίικίείορίι.
432 3377 464 3430 10
486 3379 563 3444 θέμις
586 3380 719 3444 ψυχαῖςα
805 3373 838 3430 δι’
860 3376 895 3430 ών
912 3407 946 3416 -
963 3375 1132 3448 ἡγουμέναις]
1151 3377 1217 3432 διότι

18 3457 85 3522 μόνον
105 3459 122 3528 ἡ
146 3463 218 3529 ψυχὴ
243 3462 304 3530 (sic)
327 3465 412 3530 θέμις’
426 3465 623 3530 προσέρχεσθαι
645 3466 722 3528 τέλος
743 3463 877 3532 ἡγουμένη
901 3463 938 3517 Μ
1028 3465 1060 3518 111
1082 3464 1112 3520 τό
1136 3466 1215 3535 (corr.

19 3559 46 3596 ex
62 3547 114 3615 τοῦ)
134 3551 181 3615 μέν
203 3548 249 3601 ούν
266 3552 314 3602 τοῦ
331 3551 435 3618 πρώτου
454 3549 484 3603 F
567 3553 670 3617 πρώτον
688 3550 714 3604 Α
802 3552 835 3604 13
858 3549 964 3618 ψυχὴν
987 3568 1021 3604 τε
1045 3549 1151 3608 MFa:
1168 3556 1215 3604 καί

18 3631 130 3700 ψυχὴνίν
186 3635 288 3688 ἐλάττω
306 3636 343 3690 Μ
402 3639 434 3692 15
451 3641 500 3705 τῆς
518 3655 571 3691 om.
591 3637 625 3692 Μ
685 3641 786 3692 ἐκείνου
805 3636 912 3694 MFa:
931 3641 1075 3693 έκείνωνῦ
1137 3656 1214 3706 μετα-

19 3718 118 3783 σχόντας
136 3738 159 3777 ω
230 3723 312 3793 ἰδέας]
332 3720 422 3788 ούσίας
439 3723 468 3776 E
485 3726 566 3794 (teste
584 3724 729 3794 Mangeio)‚
752 3742 793 3792 γρ.
812 3720 902 3788 ούσίας
918 3725 947 3778 in
964 3741 1050 3792 marg.
1068 3723 1113 3779 Μ’
1182 3725 1215 3794 ἡν

20 3810 74 3868 post
89 3803 235 3876 ἀναγκαῖον
254 3810 316 3865 add.
335 3809 372 3864 M
439 3813 472 3864 16
485 3811 620 3876 διασώζειν
632 3809 668 3865 Μ
734 3811 928 3879 προπάτορα
946 3809 984 3863 Μ
992 3831 998 3865 :
1017 3815 1121 3878 πατέρα
1138 3811 1215 3864 σκότιά

49 3891 76 3944 17
97 3899 148 3958 τίςς
171 3895 233 3964 πάς]
257 3899 310 3960 πᾶς
332 3915 371 3962 τις
394 3896 431 3951 Μ
514 3900 598 3953 verba
621 3893 693 3952 κατά
711 3901 757 3965 μὲν
780 3915 833 3952 om.
857 3897 894 3952 Μ
979 3899 1011 3952 18
1033 3893 1214 3965 ᾠκείωται]ᾦ

20 3979 148 4034 οἰκειοῦται
166 3979 201 4036 Μ
269 3977 356 4051 λόγῳ
384 3986 462 4052 θείῳ
486 3983 536 4039 Μ;
554 3988 619 4051 θείῳ
636 3984 709 4052 λόγῳ
726 3983 804 4038 ceteri
872 3985 907 4038 90
933 3989 1157 4053 συγκέκραται
1179 3983 1214 4039 Μ

19 4061 86 4130 (coni.
104 4067 248 4136 Creuzer):
268 4075 437 4139 συγκέκριται
452 4070 530 4126 ceteri
598 4088 627 4124 τε
644 4075 708 4141 post
725 4074 775 4140 γῆς
793 4073 855 4126 add.
873 4070 904 4126 D

94 4253 124 4305 17
141 4255 206 4321 Leg.
227 4254 307 4322 alleg.
325 4255 338 4308 l
357 4255 407 4308 119
424 4254 453 4307 τό
474 4257 520 4321 μέν
538 4253 584 4306 σύν
602 4256 678 4321 σῶμα
696 4257 728 4306 έκ
739 4257 790 4322 γῆς
808 4252 1037 4321 δεδημιούργηται,
1055 4251 1072 4321 ἡ
1092 4257 1122 4306 δὲ
1139 4255 1211 4322 ψυχὴ

23 4339 116 4404 αἰθέρος
132 4343 207 4410 ἐστίν,
227 4321 389 4408 ἀπόσπασμα
406 4344 487 4394 θεῖον.
524 4342 598 4409 quod
612 4342 665 4395 det.
678 4346 734 4410 pot.
746 4340 827 4395 insid.
845 4341 858 4394 1
875 4340 926 4394 208
944 4356 986 4407 sq.
1003 4341 1059 4404 πώς
1077 4339 1123 4393 οῦν
1140 4342 1212 4404 εἰκός

24 4425 107 4490 βραχύν
131 4426 214 4492 ούτως
241 4427 305 4482 ὄντα
331 4423 376 4482 τόν
402 4424 565 4495 ἀνθρώπινον
590 4431 651 4481 νοῦν
679 4428 781 4496 μὴνιγγι
807 4427 825 4496 ἡ
847 4430 946 4494 καρδίᾳ
974 4429 1094 4493 βραχέσιν
1120 4425 1212 4494 ὄγκοις

25 4511 245 4582 ἑγκατειλημμένον
264 4519 380 4583 μέγεθος
397 4512 510 4583 ούρανοῦ
524 4520 571 4570 καί
584 4516 685 4584 κόσμου
700 4519 821 4584 χωρὴσαι
834 4513 966 4579 τοσοῦτον,
981 4517 1004 4566 εἰ
1019 4513 1053 4581 μὴ
1068 4516 1117 4582 τῆς
1134 4517 1211 4579 θείας

22 4601 60 4648 καί
70 4594 215 4668 εύδαίμονος
226 4605 315 4671 ψυχῆς
327 4607 429 4672 έκείνης
441 4598 605 4671 ἀπόσπασμα
616 4603 649 4672 ἡν
661 4597 691 4656 ού
705 4602 846 4669 διαιρετόν;
898 4601 933 4653 10
946 4600 1049 4670 [Philo]
1062 4602 1096 4654 de
1111 4602 1209 4656 incorr.

24 4685 103 4738 mundi
118 4687 141 4740 11
156 4689 208 4742 498
225 4688 362 4756 ἄνθρωποι
378 4690 431 4757 γάρ
450 4686 503 4742 ἀπό
522 4693 572 4743 τών
587 4689 718 4756 τεττάρων
735 4692 875 4757 στοιχείων,
894 4687 912 4740 ἃ
929 4689 962 4755 δὴ
976 4687 1028 4741 ὅλα
1045 4691 1092 4741 τοῦ
1109 4689 1208 4753 παντός
