3142 5238
298 336 366 400 LIV

385 525 579 590 Pronomen
607 521 696 599 ὅσος
724 523 813 606 apud
843 521 1026 604 scriptores
1053 525 1260 606 posteriores
1290 524 1329 586 in
1368 522 1523 602 simplicis

302 635 431 701 relativi
459 635 633 701 notionem
661 635 743 700 abiit
771 635 898 700 amissa
927 635 1065 699 notione
1095 635 1258 718 generali3
1288 636 1421 716 itaque
1444 653 1527 697 voca·

299 749 415 812 bulum
436 747 497 824 πᾶς
520 767 621 830 saepe
645 767 720 812 cum
743 767 783 812 eo
812 746 1042 828 coniungitur,
1067 748 1157 829 quod
1179 748 1268 829 apud
1289 748 1442 811 Atticos
1466 765 1528 809 raro

300 859 345 923 iit.
374 859 414 922 cf.
438 859 511 937 6,15
533 859 596 922 πᾶν
617 857 690 923 ὅσον
711 864 767 942 τῆς
789 856 963 941 κρείττονος
986 856 1084 935 ἰδέας.
1115 835 1188 937 8,11
1211 856 1336 923 πάντων
1365 856 1437 922 ὅσα
1460 878 1528 939 poc·
1562 874 1564 943 ι

300 967 383 1054 φόρα
416 969 577 1054 ἄστρα..
604 968 746 1055 ,ἔμελλε
780 969 998 1034 συνίστασθαι.
1036 971 1108 1049 11,5
1135 967 1233 1033 πάνθ’
1263 967 1325 1032 ὅσα
1355 967 1461 1054 χιλὸς
1489 969 1531 1052 μέν

300 1079 451 1166 κτήνεσιν,
475 1074 651 1165 ἀνθρώποις
673 1079 703 1144 δ’
728 1080 857 1166 ἔμελλεν
879 1080 1011 1144 ἔσεσθαι
1032 1079 1143 1165 τροφή.
1261 1143 1266 1150 .

386 1193 551 1257 Notabilis
581 1197 748 1257 structura
775 1193 895 1273 legitur
924 1193 975 1270 3‚5
997 1189 1041 1254 τὰ
1063 1189 1094 1254 δ’
1119 1190 1174 1255 ὅσ’
1200 1190 1344 1276 ὠφέλιμα
1370 1194 1438 1255 καὶ
1462 1193 1531 1254 λυα-

301 1303 376 1388 τελῆ
401 1308 434 1368 et
454 1305 529 1383 44,6
550 1301 595 1367 τὰ
617 1302 688 1367 ὅσα
711 1304 748 1367 ἐκ
770 1306 828 1388 γῆς
850 1303 1094 1388 τελειογονεῖται.
1108 1304 1130 1385 ¹)
1155 1304 1238 1369 haec
1261 1324 1334 1368 non
1359 1308 1531 1386 corrupta,

303 1416 362 1479 sed
389 1419 479 1479 recte
508 1415 631 1479 tradita
660 1435 749 1494 esse,
777 1414 891 1480 multis
921 1415 1083 1497 exemplis
1114 1416 1350 1480 confirmatur.
1381 1417 1476 1480 illud
1502 1414 1531 1477 τά

302 1546 372 1590 non
396 1530 447 1590 est
469 1526 645 1604 articulus,
677 1527 736 1590 sed
758 1545 948 1608 pronomen
972 1527 1291 1606 demonstrativum,
1315 1529 1418 1610 quod
1443 1547 1530 1610 prae-

301 1639 403 1703 fixum
427 1644 487 1716 est,
511 1658 577 1721 quo
601 1640 749 1720 argutius
774 1644 806 1703 et
829 1639 1029 1704 luculentius
1053 1640 1110 1702 fiat
1125 1659 1314 1720 pronomen
1341 1641 1530 1704 relativum.

303 1751 343 1814 ci.
371 1751 433 1831 leg.
462 1751 557 1833 alleg.
584 1752 596 1814 l
627 1754 684 1816 111
720 1753 775 1815 καὶ
801 1748 1013 1837 πρεσβύτατος
1045 1753 1100 1813 καὶ
1133 1749 1339 1835 γενικώτατος
1373 1754 1446 1815 τῶν
1481 1749 1529 1812 ὅσα

300 1861 419 1946 γέγονε.
448 1862 462 1925 l
493 1863 553 1926 137
587 1865 642 1927 καὶ
674 1863 734 1928 τῶν
762 1861 822 1926 ὅσα
849 1861 948 1926 κακία
976 1859 1213 1946 ἀπεργάζεσθαι
1240 1861 1338 1944 φιλεῖ.
1368 1863 1418 1926 de
1449 1866 1528 1945 post.

303 1972 399 2037 Caini
421 1975 520 2038 1130
542 1971 621 2058 cdd
645 1971 727 2058 μόνῳ
752 1972 874 2059 βλέπειν
903 1971 1038 2057 ἠδύνατο
1066 1972 1214 2050 ἑκουσίως
1242 1969 1409 2057 πηρωσας.
1437 1975 1528 2038 1146

302 2083 428 2168 προσέτι
458 2083 559 2170 μέντοι
588 2086 643 2149 καὶ
668 2085 708 2148 τὰ
735 2083 778 2148 ὥν
806 2078 865 2148 οὐκ
894 2083 932 2150 ἂν
955 2082 1078 2149 ἅπαντα
1100 2083 1207 2169 χρόνοι
1228 2086 1283 2148 καὶ
1304 2083 1409 2150 τόποι.
1436 2085 1527 2150 1141

302 2196 378 2280 πρὸς
403 2196 464 2262 τῶν
481 2194 523 2261 ὧν
539 2189 699 2281 ὀρέγονται
716 2193 831 2280 θήραν.
849 2197 862 2260 l
880 2197 942 2260 157
967 2193 1007 2259 τὰ
1031 2196 1074 2272 οἶς
1099 2195 1189 2281 σῶμα
1211 2195 1399 2261 πλεονεκτεῖ
1419 2196 1525 2261 πάντα.

302 2307 343 2372 de
367 2327 474 2371 somn.
498 2309 511 2370 l
534 2308 597 2371 614
618 2307 677 2370 τῶν
701 2306 803 2372 ἄλλων
825 2305 865 2370 τὰ
887 2307 930 2384 οῖς
954 2305 1163 2392 έναρμόζεται.
1194 2307 1236 2371 de
1259 2312 1387 2390 septen.
1417 2309 1525 2373 Π179

302 2417 362 2482 τῶν
385 2418 440 2502 μέν
462 2415 523 2480 ὅσα
544 2416 644 2502 λύπης
667 2419 749 2482 αἴτια
771 2420 826 2481 καὶ
848 2417 953 2505 φόβων
976 2416 1136 2504 ἀμέτοχα.
1161 2419 1202 2482 de
1217 2439 1342 2501 praem.
1368 2423 1405 2483 et
1428 2440 1524 2502 poen.

302 2530 406 2593 11411
429 2529 471 2612 τῷ
495 2525 524 2591 δ’
543 2525 559 2592 ὃ
582 2528 735 2613 κέκληται
757 2535 835 2606 νοῦς.
859 2530 964 2594 11415
987 2521 1059 2614 οὐχὶ
1081 2528 1140 2595 τῶν
1163 2527 1223 2593 ὅσα
1246 2538 1394 2615 στοιχεῖα.
1423 2533 1453 2595 Π
1468 2533 1523 2595 415

301 2640 361 2705 τῶν
394 2637 454 2703 ὅσα
487 2640 703 2725 έπιφημέζεται
737 2649 798 2718 τοῖς
825 2640 1035 2726 προσήκουσι.
1070 2642 1125 2706 hic
1158 2662 1238 2706 usus
1273 2642 1451 2724 antiquior
1480 2645 1524 2706 est

302 2751 460 2815 Philone.
495 2753 530 2816 in
565 2753 768 2817 carminibus
808 2752 997 2818 Homericis
1036 2753 1248 2835 pronominis
1282 2750 1298 2816 ὁ
1331 2745 1352 2838 ἠ
1388 2752 1427 2816 τό
1463 2754 1523 2817 vim

302 2864 601 2930 demonstrativam
634 2866 745 2945 vigere
779 2865 860 2929 satis
896 2869 1042 2930 constat.
1074 2865 1134 2929 sed
1162 2865 1197 2928 in
1224 2886 1362 2947 prosam
1393 2885 1523 2948 quoque

302 2977 490 3041 orationem
519 2978 602 3040 haec
633 2980 799 3040 structura
828 2977 963 3041 transiit
992 2996 1031 3040 ac
1060 2977 1205 3040 maxime
1235 2977 1323 3059 apud
1345 2978 1523 3042 Platonem

303 3088 463 3152 occurrit:
486 3088 575 3152 velut
601 3088 687 3152 Tim.
712 3088 777 3151 38e
800 3085 907 3172 ἐπειδὴ
933 3089 968 3151 δέ
996 3086 1049 3151 οὖν
1078 3087 1120 3163 εἰς
1140 3085 1197 3170 τήν
1220 3087 1321 3172 ἐαυτῷ
1343 3087 1522 3171 πρέπουσαν

303 3200 436 3262 ἕκαστον
459 3195 588 3280 ἀφίκετο
611 3195 710 3280 φορὰν
738 3203 809 3263 τῶν
837 3197 909 3262 ὅσα
932 3200 995 3262 ἔδει
1017 3197 1308 3283 ξυναπεργάζεσθαι
1329 3196 1464 3283 χρόνον.
1488 3201 1521 3262 ci.

301 3310 450 3386 Kiihnen
473 3309 527 3373 Gr.
551 3310 605 3373 Gr.
629 3310 656 3373 Π
681 3311 694 3372 1
719 3331 751 3392 p.
775 3311 846 3374 507.

388 3420 710 3501 lnusugenerum
734 3426 772 3486 et
794 3428 1022 3503 temporum
1045 3423 1162 3488 verbi
1179 3423 1220 3486 ab
1236 3421 1347 3486 Attico
1365 3443 1521 3488 sermone

303 3533 393 3596 haud
415 3552 491 3596 raro
515 3533 613 3597 Philo
637 3534 804 3598 discessit.
827 3535 917 3599 velut
932 3534 1037 3598 multa
1051 3535 1163 3611 verba,
1187 3552 1272 3615 quae
1288 3533 1378 3614 apud
1394 3540 1521 3600 veteres

303 3643 485 3725 scriptores
501 3645 678 3709 transitiva
694 3650 780 3724 sunt,
798 3645 1009 3709 intransitive
1025 3645 1213 3726 usurpavit.
1238 3645 1394 3726 inprimis
1414 3647 1520 3711 verbis

303 3754 423 3818 mediis
445 3773 507 3836 pro
531 3756 648 3820 activis
671 3757 720 3820 uti
744 3757 844 3820 solet:

302 3865 552 3930 διωθεῖσθαι;
586 3868 638 3946 3,5
667 3865 726 3931 ὅσα
756 3869 810 3952 μέν
839 3865 985 3952 ἐπιζήμια
1014 3868 1069 3930 καὶ
1097 3865 1253 3953 βλαβερά,
1283 3869 1414 3954 μηχανῇ
1438 3869 1520 3953 πασρ

301 3977 460 4042 διωθεῖται
490 3977 585 4060 (deus
613 3978 654 4042 ab
682 3978 848 4063 homine).
882 3979 948 4043 vim
983 3998 1077 4044 suam
1111 3979 1302 4043 reflexivam
1337 3979 1521 4044 διωθεῖσθαι

301 4090 403 4154 habet
426 4090 461 4153 in
484 4089 669 4171 fragmento
695 4090 872 4172 Chrysippi
895 4111 946 4172 ap.
970 4091 1063 4172 Diog.
1087 4092 1143 4154 La.
1168 4090 1223 4154 Vll
1243 4090 1285 4154 85
1308 4087 1347 4154 roi
1368 4111 1403 4153 τε
1427 4091 1519 4175 βλάπ-

301 4221 393 4266 τοντα
416 4197 711 4264 ecclesiacticis&
734 4200 835 4264 οἰκεῖα
856 4201 1016 4285 προσίεται
1045 4201 1098 4285 (ci.
1122 4202 1220 4266 Philo
1250 4199 1291 4266 de
1314 4206 1402 4284 post.
1428 4203 1517 4268 Caini

299 4311 421 4396 1138).

303 4423 618 4507 διαμετρεῖσθαιι
643 4423 694 4501 7,5
718 4423 745 4486 εἰ
761 4422 803 4508 μὴ
821 4423 1043 4510 διεμετρήσατο
1061 4475 1067 4490 .
1086 4473 1117 4489 ..
1141 4422 1265 4509 έκαὶστῳ
1288 4423 1323 4488 τὸ
1347 4423 1513 4511 ἐπιβάλλον.

390 4663 411 4734 1)
431 4664 473 4727 53
484 4665 559 4732 quod
570 4665 657 4718 codex
672 4661 698 4718 V
711 4663 796 4718 tradit
804 4665 837 4716 τοὶ
852 4664 954 4731 ὅσοιπερ
970 4681 1002 4717 ex
1017 4679 1109 4716 errore
1119 4663 1223 4718 librarii
1235 4663 1442 4718 videtur'ortum
1451 4681 1510 4718 essa
