3092 5236
582 379 620 447 51

9 591 58 652 τόν
84 584 220 656 πάντων·
248 585 265 652 δ
292 589 354 676 γάρ
382 590 583 677 ἐνεφύσησεν,
614 590 702 658 οὐδέν
728 589 768 677 ῆν
796 589 899 675 ἕτερον
924 586 946 675 ῆ
972 587 1092 674 πνεῦμα
1118 585 1206 652 θεῖον

9 696 62 762 ἀπὸ
93 700 150 785 τῆς
182 701 338 787 μακαρίας
370 705 425 767 καὶ
458 702 637 790 εὐδαίμονος
669 702 790 790 φάσεως
822 703 942 787 ἐκείνης
976 699 1120 766 ἀποικίαν
1149 697 1206 784 τῆν

9 807 113 876 ἐνθάδε
135 812 333 900 στειλάμενον
355 811 407 880 ἐπ’
424 813 559 902 ἀφελείᾳ
581 817 635 881 τοῦ
656 814 763 901 γένους
785 807 881 902 ἡμῶν,
903 812 940 882 ἵν’
965 815 992 880 τί
1016 815 1071 878 καί
1091 809 1206 897 θνητόν

9 921 62 986 ἐστι
83 923 167 988 κατά
189 923 245 1010 τῆν
268 923 382 1012 όρατῆν
404 927 523 1013 μερίδα,
539 925 622 994 κατά
642 930 717 1012 γοῦν
737 925 793 1013 τῆν
813 924 945 1011 ἀόρατον
966 918 1206 1008 ἀθανατίζηται.

9 1033 47 1096 διὸ
77 1037 133 1100 καί
165 1037 278 1121 κυρίως
311 1037 348 1104 ἀν
375 1061 418 1116 τις
447 1041 526 1104 είποι
552 1039 604 1105 τόν
631 1039 797 1125 ἄνθρωπον
822 1039 940 1124 θνητῆς
965 1039 1019 1102 καὶ
1047 1029 1207 1102 ἀθανάτου
1248 1041 1262 1086 ⁵

9 1143 119 1230 φύσεως
141 1149 217 1215 εἶναι
240 1141 388 1238 μεθόριον
410 1151 560 1236 ἑκατέρας
581 1145 655 1218 όσου
677 1145 846 1238 ἀναγκαῖόν
875 1151 938 1216 ἐστι
963 1147 1133 1235 μετέχοντα
1153 1149 1208 1212 καί

9 1260 191 1344 γεγενῆσθαι
212 1260 329 1347 θνητόν
356 1256 434 1348 ὁμοῦ
463 1266 517 1330 καὶ
540 1262 706 1350 ἀθάνατον,
734 1263 849 1349 θνητόν
871 1264 926 1350 μέν
946 1260 1029 1326 κατὰ
1050 1260 1085 1325 τό
1107 1263 1208 1346 σῶμα,

9 1370 80 1434 κατά
101 1371 138 1436 δὲ
159 1372 215 1458 τῆν
238 1372 373 1441 διάνοιαν
394 1372 562 1443 ἀθάνατον.

82 1508 141 1574 47.
182 1507 325 1589 Ἐκεῖνος
346 1508 377 1576 δ’
401 1505 418 1576 ό
440 1513 562 1599 πρῶτος
589 1511 755 1596 ἄνθρωπος
777 1508 794 1574 ό
815 1507 959 1596 γηγενῆς,
982 1502 999 1573 ὃ
1020 1506 1133 1586 παντός
1154 1508 1208 1573 τοῦ

9 1617 103 1701 γένους
135 1611 225 1706 ἡμῶν
258 1615 454 1710 ἀρχηγέτης,
488 1623 637 1710 ἑκάτερον
673 1623 794 1708 ἀριστος
827 1619 932 1707 ψυχῆν
964 1642 997 1684 τε
1028 1622 1083 1684 καί
1119 1621 1209 1706 σῶμα
1229 1632 1264 1678 10

9 1731 191 1818 γεγενῆσθαί
219 1755 270 1820 μοι
296 1736 467 1802 δοκεῖκαὶ
495 1738 605 1823 μακρῷ
633 1757 687 1802 τινι
715 1734 785 1812 τοὺς
813 1735 918 1798 ἔπειτα
940 1733 1105 1817 διενεγκεῖν
1126 1733 1209 1797 κατοὶ

9 1840 53 1919 τὰς
75 1844 106 1909 έν
125 1843 310 1932 ἀμφοτέροις
332 1837 531 1935 ὑπερβάσεις·
558 1842 576 1913 ό
597 1845 658 1934 γάρ
682 1845 821 1932 ἀληθεία
842 1843 939 1921 καλός
960 1842 1106 1929 κάγαθός
1121 1844 1209 1921 οὗτος

9 1947 91 2036 όντως
107 1954 164 2041 ῆν.
186 1957 434 2044 τεκμηριώσαιτο
452 1959 482 2024 δ’
501 1955 539 2028 ἀν
555 1981 599 2037 τις
620 1958 677 2044 τῆν
693 1961 747 2045 μέν
763 1959 817 2023 τοῦ
834 1956 976 2044 σώματος
988 1942 1156 2042 ειίμορφίαν
1171 1956 1209 2020 ἐκ
1268 1942 1308 2008 ’τί

9 2067 96 2150 τριῶν,
119 2067 163 2134 ὧν
184 2069 248 2135 ἐστι
269 2071 499 2156 πρότοντόδε·
523 2057 591 2158 ἄρτι
611 2071 667 2157 τῆς
681 2072 740 2157 γῆς
761 2069 936 2136 νεοκτίστου
958 2067 1105 2154 φανείσης
1126 2065 1209 2132 κατὰ

9 2175 56 2261 την
75 2187 129 2244 τοῦ
152 2181 270 2246 πολλοῦ
295 2182 298 2268 ί
322 2181 433 2261 ὕδατος
448 2181 606 2268 διάκρισιν,
623 2180 860 2268 ὃπροσερρῆθη
876 2179 1031 2264 θάλαττα,
1053 2178 1109 2266 τῆν
1131 2174 1208 2265 ἱίλην
1225 2194 1251 2246 p.
1264 2179 1297 2230 33
1310 2179 1344 2232 Μ·

9 2289 158 2376 συνέβαινε
178 2294 247 2360 τῶν
259 2295 424 2381 γινομένων
446 2293 543 2382 ἀμιγῆ
566 2296 620 2360 καί
635 2289 747 2361 ἄδολον
762 2297 817 2359 καί
835 2291 983 2378 καθαρὰν
1005 2294 1049 2360 ἔτι
1069 2285 1099 2357 δ’
1116 2289 1210 2358 ὁλκὸν
1231 2307 1265 2354 ιι

9 2403 55 2464 καί
80 2402 208 2490 εὔεργον
237 2406 327 2487 εἶναι,
357 2407 388 2486 ἐξ
422 2406 460 2493 ῆς
492 2405 531 2472 τά
559 2399 791 2493 ἀποτελούμενα
820 2404 945 2484 εἰκότως
973 2403 1012 2491 ῆν
1034 2398 1209 2471 άνυπαίτια.

10 2511 142 2599 δεύτερον
169 2516 220 2600 δέ,
249 2510 309 2584 οόκ
337 2519 375 2586 ἐκ
400 2521 454 2586 τοῦ
482 2516 629 2604 τυχόντος
656 2519 768 2604 μέρους
795 2519 851 2604 τῆς
877 2525 936 2604 γῆς
964 2518 1064 2584 ἔοικεν
1091 2509 1108 2581 ὅ
1136 2516 1211 2594 θεὸς

10 2625 76 2708 χοῦν
97 2625 204 2714 λαβὼν
232 2629 285 2695 τόν
312 2622 531 2716 ἀνθρωποειδῆ
560 2636 667 2696 τοῦτον
695 2629 859 2715 ἀνδριάντα
886 2627 1029 2696 πλάττειν
1059 2628 1211 2713 ἐθελῆσαι

11 2737 78 2818 μετὰ
98 2739 156 2824 τῆς
178 2733 324 2808 ἀνωτάτω
343 2742 489 2828 σπουδῆς,
506 2739 588 2810 ἀλλά
610 2741 766 2828 διακρίνας
789 2741 821 2821 ἐξ
843 2738 967 2830 ἀπάσης
988 2739 1022 2807 τό
1046 2740 1210 2830 βέλτιστον,
1231 2744 1266 2792 2⁰

88 3005 245 3058 1πάντων
258 3004 307 3060 M:
321 3004 443 3060 ἀπάντων
460 3007 537 3062 σείοντ’
580 3007 595 3061 ὃ
614 3008 675 3076 γάρ
688 3007 801 3076 scripsi:
818 3008 848 3060 τό
861 3006 996 3076 γάροοάό.
1048 3008 1065 3060 11
1083 3007 1211 3074 φάσεως

12 3107 417 3178 έκείνηςΜιέκείνηςφιίσεως
434 3111 511 3166 ceteri
550 3107 684 3184 ἀποικίαν]
696 3111 871 3180 μετοικίανΜ
908 3107 1075 3167 31νύιιι.Μ
1105 3111 1210 3181 θνητόν]

11 3209 128 3278 θιητόςό
150 3212 291 3281 ἅνθρωπος
309 3213 466 3286 Christoph.
484 3217 572 3284 Mang.
643 3212 867 3284 έάθανατίζεται
884 3215 948 3270 ΜΕ
1013 3218 1030 3269 5
1048 3220 1107 3283 είτη
1126 3214 1211 3282 FHI,

11 3297 71 3400 εἴτιςι
82 3333 119 3401 Κ,
144 3298 213 3416 etun}
232 3335 259 3390 L
346 3337 426 3403 Ὶμέν
444 3353 497 3390 om.
517 3335 552 3391 Μ
625 3338 655 3390 τό
679 3354 732 3392 om.
754 3336 818 3392 MD
895 3338 1056 3406 8διοίνοιαν]
1074 3337 1161 3406 ψυχῆν
1179 3335 1216 3390 Μ

40 3438 70 3490 10
86 3440 251 3507 ἑκάτερον
269 3439 384 3508 scripsi:
403 3443 537 3506 ἑκατέρων
550 3439 590 3510 Μ,
604 3439 722 3508 ἑκάτερα
739 3439 817 3494 ceteri
845 3441 879 3495 οί.
893 3443 1008 3509 p.55,12
1077 3443 1165 3508 ψυχῆς
1182 3457 1212 3490 τε

12 3527 51 3574 καί
66 3526 188 3592 σώματος
206 3525 243 3580 Μ
311 3528 341 3580 11
362 3544 406 3594 μοι
422 3528 583 3595 γεγενῆσθαι
595 3531 704 3583 δοκεῖτε
774 3529 806 3580 11
824 3526 990 3595 όπερβάσεις]
1010 3525 1157 3594 ὑπερβολάς
1170 3523 1210 3593 Μ,

12 3613 151 3677 μεταβολάς
163 3612 198 3679 F,
217 3613 504 3682 μεταβολάςίιιιιῑοεμ.
517 3613 571 3668 HI
636 3609 753 3682 ἀληθείᾳ
770 3614 878 3671 ΜΜαε
898 3619 925 3668 έν
942 3611 1096 3683 ἀληθείηιδ
1165 3616 1214 3664 καί

9 3698 85 3762 καλός
106 3704 156 3753 καί
178 3696 286 3768 ἀγαθός
307 3717 331 3757 a
418 3701 515 3765 οὖτος
541 3700 640 3764 ὄντως
667 3699 716 3754 M:
739 3700 820 3767 ὄντως
842 3702 919 3767 οὗτος
941 3701 1019 3756 σείοντ’
1107 3701 1138 3754 13
1166 3702 1212 3767 μέν

11 3799 55 3836 υιιι.
73 3783 110 3840 Μ
196 3788 229 3840 11
252 3789 337 3842 verba
359 3787 394 3840 ῶν
417 3791 471 3842 ἐστι
493 3791 596 3856 πρῶτον
620 3804 672 3841 0111.
692 3787 729 3840 M
811 3789 886 3842 τόδε·
909 3789 979 3860 ἄρτι]
1003 3788 1041 3855 τό,
1055 3805 1085 3840 τε
1102 3786 1161 3853 ἀρτι
1179 3784 1215 3840 Μ

39 3876 168 3926 νεοτίκτου
188 3873 225 3926 Μ
291 3867 373 3944 κατά]
393 3874 459 3940 μετά
478 3873 547 3928 coni.
566 3874 708 3929 Markland
779 3877 812 3930 15
828 3879 876 3928 τοῦ
895 3894 948 3931 0111.
966 3893 990 3936 α
1064 3873 1165 3942 πολλὴν
1181 3871 1213 3925 D

40 3959 191 4028 προσερῆθη
210 3958 246 4024 Β,
270 3963 420 4029 προσερέθη
438 3959 469 4014 D
554 3959 677 4014 θάλαττα
696 3960 733 4015 Μ
742 3981 748 4016 :
766 3962 891 4016 θάλασσα
909 3962 986 4018 ceteri
1073 3963 1105 4014 16
1127 3976 1211 4028 γιγνο-

11 4045 83 4106 μένων
100 4049 120 4102 h
199 4051 247 4100 καί
264 4047 401 4116 καθαρὰν]
419 4047 541 4100 καθόλου
559 4063 583 4103 a
665 4048 749 4103 verba
767 4052 816 4101 ἔτι
833 4046 857 4102 δ’
879 4047 985 4103 όλκόν
1002 4052 1058 4103 καί
1075 4045 1212 4112 εὔεργον

12 4137 179 4186 accesserunt
198 4149 231 4186 ex
249 4132 291 4200 Μ,
310 4151 363 4188 om.
381 4132 458 4188 οοίοαό
524 4133 664 4204 ῙΊέξῆς]
691 4138 753 4203 ἑξῆς
779 4134 829 4189 ΕΙ
886 4131 1212 4202 ἀποτελουμεναΜὲ

11 4217 190 4288 ἐπιτελούμενα
211 4219 289 4275 ceteri
364 4222 397 4273 18
415 4216 475 4274 οόκ
498 4219 589 4275 codd.:
614 4217 677 4273 οόδέ
698 4221 754 4276 edd.
825 4225 857 4276 19
875 4224 920 4275 τόν
938 4219 1121 4290 ἀνθρωποειδῆ
1139 4219 1211 4275 codd.

12 4302 126 4376 (Turn.):
146 4309 190 4360 τόν
208 4311 254 4376 μὲν
272 4302 458 4378 ἀνθρωποειδῆ
476 4309 566 4376 Mang.
635 4313 737 4362 τουτονί
754 4307 792 4362 Μ

14 4425 308 4442 Ἇι--ῇ-ῄ-

89 4515 102 4566 1
122 4515 157 4570 de
175 4531 289 4584 concup.
306 4515 398 4570 11356
416 4509 446 4568 τό
466 4511 490 4570 δ’
510 4515 694 4584 έμφυσιόμονυν
711 4519 793 4585 δῆλον
810 4514 846 4582 ὡς
864 4519 980 4583 αἰθέριον
996 4515 1030 4584 ῆν
1047 4517 1147 4582 πνεῦμα
1165 4519 1212 4570 καί

12 4599 31 4646 εἰ
54 4599 84 4668 δή
111 4619 136 4654 τι
159 4604 278 4670 αἰθερίου
304 4602 452 4670 πνεύματος
478 4609 608 4669 κρεῖττον,
640 4603 688 4656 ἅτε
713 4606 762 4671 τῆς
789 4607 924 4670 μακαρίας
949 4607 996 4656 καί
1021 4607 1212 4669 τρισμακαρίας

12 4699 105 4751 φυσεως
122 4683 294 4756 ἀπαύγασμα.

1029 4794 1061 4845 4*
