<?xml version="1.0" encoding="UTF-8"?>
<!DOCTYPE html PUBLIC "-//W3C//DTD XHTML 1.0 Transitional//EN"
    "http://www.w3.org/TR/xhtml1/DTD/xhtml1-transitional.dtd">
<html xmlns="http://www.w3.org/1999/xhtml" xml:lang="en" lang="en">
 <head>
  <title>
</title>
<meta http-equiv="Content-Type" content="text/html;charset=utf-8" />
  <meta name='ocr-system' content='tesseract 3.04.00' />
  <meta name='ocr-capabilities' content='ocr_page ocr_carea ocr_par ocr_line ocrx_word'/>
</head>
<body>
  <div class='ocr_page' id='page_1' title='image "./philonisalexand00philgoog_0050.png"; bbox 0 0 3142 5238; ppageno 0'>
   <div class='ocr_carea' id='block_1_1' title="bbox 1126 355 1246 419">
    <p class='ocr_par' dir='ltr' id='par_1_1' title="bbox 1126 355 1246 419">
     <span class='ocr_line' id='line_1_1' title="bbox 1126 355 1246 419; baseline 0.008 -1"><span class='ocrx_word' id='word_1_1' title='bbox 1126 355 1246 419; x_wconf 90' lang='lat' dir='ltr'>XXXV</span> 
     </span>
    </p>
   </div>
   <div class='ocr_carea' id='block_1_2' title="bbox 15 534 1244 1727">
    <p class='ocr_par' dir='ltr' id='par_1_2' title="bbox 15 534 1244 1158">
     <span class='ocr_line' id='line_1_2' title="bbox 15 534 1244 619; baseline 0.007 -21"><span class='ocrx_word' id='word_1_2' title='bbox 15 534 150 599; x_wconf 85' lang='lat' dir='ltr'>ridetur</span> <span class='ocrx_word' id='word_1_3' title='bbox 171 536 206 599; x_wconf 94' lang='lat' dir='ltr'>in</span> <span class='ocrx_word' id='word_1_4' title='bbox 233 536 381 601; x_wconf 83' lang='lat' dir='ltr'>editione</span> <span class='ocrx_word' id='word_1_5' title='bbox 410 537 573 619; x_wconf 84' lang='lat' dir='ltr'>principe,</span> <span class='ocrx_word' id='word_1_6' title='bbox 603 537 716 603; x_wconf 91' lang='lat' dir='ltr'>omisit</span> <span class='ocrx_word' id='word_1_7' title='bbox 739 539 841 603; x_wconf 88' lang='lat' dir='ltr'>etiam</span> <span class='ocrx_word' id='word_1_8' title='bbox 863 541 1015 618; x_wconf 90' lang='lat' dir='ltr'>Mueller;</span> <span class='ocrx_word' id='word_1_9' title='bbox 1045 543 1141 619; x_wconf 73' lang='lat' dir='ltr'>luto</span> <span class='ocrx_word' id='word_1_10' title='bbox 1166 541 1244 607; x_wconf 81' lang='grc' dir='ltr'>ἰδίαν</span> 
     </span>
     <span class='ocr_line' id='line_1_3' title="bbox 15 643 1243 732; baseline 0.007 -24"><span class='ocrx_word' id='word_1_11' title='bbox 15 643 163 710; x_wconf 78' lang='grc' dir='ltr'>σύστασιν</span> <span class='ocrx_word' id='word_1_12' title='bbox 191 647 265 730; x_wconf 88' lang='lat' dir='ltr'>(pro</span> <span class='ocrx_word' id='word_1_13' title='bbox 287 646 496 732; x_wconf 81' lang='grc' dir='ltr'>διασύστασινΙ</span> <span class='ocrx_word' id='word_1_14' title='bbox 521 669 590 714; x_wconf 90' lang='lat' dir='ltr'>non</span> <span class='ocrx_word' id='word_1_15' title='bbox 613 655 814 731; x_wconf 88' lang='lat' dir='ltr'>aspernatus</span> <span class='ocrx_word' id='word_1_16' title='bbox 844 656 911 717; x_wconf 83' lang='lat' dir='ltr'>est.</span> <span class='ocrx_word' id='word_1_17' title='bbox 942 653 1002 716; x_wconf 90' lang='lat' dir='ltr'>sed</span> <span class='ocrx_word' id='word_1_18' title='bbox 1032 671 1107 716; x_wconf 91' lang='lat' dir='ltr'>cum</span> <span class='ocrx_word' id='word_1_19' title='bbox 1130 658 1243 718; x_wconf 88' lang='lat' dir='ltr'>tanto-</span> 
     </span>
     <span class='ocr_line' id='line_1_4' title="bbox 15 758 1241 845; baseline 0.007 -25"><span class='ocrx_word' id='word_1_20' title='bbox 15 777 94 838; x_wconf 89' lang='lat' dir='ltr'>pere</span> <span class='ocrx_word' id='word_1_21' title='bbox 118 758 301 824; x_wconf 81' lang='lat' dir='ltr'>editionem</span> <span class='ocrx_word' id='word_1_22' title='bbox 324 760 512 842; x_wconf 89' lang='lat' dir='ltr'>principem</span> <span class='ocrx_word' id='word_1_23' title='bbox 539 760 744 826; x_wconf 81' lang='lat' dir='ltr'>editionibus</span> <span class='ocrx_word' id='word_1_24' title='bbox 775 763 1022 828; x_wconf 88' lang='lat' dir='ltr'>recentioribus</span> <span class='ocrx_word' id='word_1_25' title='bbox 1045 764 1241 845; x_wconf 84' lang='lat' dir='ltr'>praeferret,</span> 
     </span>
     <span class='ocr_line' id='line_1_5' title="bbox 16 870 1243 956; baseline 0.007 -24"><span class='ocrx_word' id='word_1_26' title='bbox 16 887 84 932; x_wconf 93' lang='lat' dir='ltr'>non</span> <span class='ocrx_word' id='word_1_27' title='bbox 118 874 234 934; x_wconf 89' lang='lat' dir='ltr'>tamen</span> <span class='ocrx_word' id='word_1_28' title='bbox 268 870 448 952; x_wconf 89' lang='lat' dir='ltr'>impeditus</span> <span class='ocrx_word' id='word_1_29' title='bbox 482 875 549 949; x_wconf 87' lang='lat' dir='ltr'>est,</span> <span class='ocrx_word' id='word_1_30' title='bbox 587 873 767 955; x_wconf 87' lang='lat' dir='ltr'>quominus</span> <span class='ocrx_word' id='word_1_31' title='bbox 804 873 1042 939; x_wconf 89' lang='lat' dir='ltr'>vitiosissimas</span> <span class='ocrx_word' id='word_1_32' title='bbox 1078 876 1243 956; x_wconf 89' lang='lat' dir='ltr'>quasdam</span> 
     </span>
     <span class='ocr_line' id='line_1_6' title="bbox 17 980 1242 1067; baseline 0.007 -25"><span class='ocrx_word' id='word_1_33' title='bbox 17 980 201 1061; x_wconf 88' lang='lat' dir='ltr'>scripturas</span> <span class='ocrx_word' id='word_1_34' title='bbox 218 981 315 1063; x_wconf 84' lang='lat' dir='ltr'>(quas</span> <span class='ocrx_word' id='word_1_35' title='bbox 331 1001 432 1063; x_wconf 89' lang='lat' dir='ltr'>supra</span> <span class='ocrx_word' id='word_1_36' title='bbox 448 983 800 1067; x_wconf 82' lang='lat' dir='ltr'>commemoravimus)</span> <span class='ocrx_word' id='word_1_37' title='bbox 820 1003 861 1050; x_wconf 90' lang='lat' dir='ltr'>ex</span> <span class='ocrx_word' id='word_1_38' title='bbox 876 985 1025 1049; x_wconf 88' lang='lat' dir='ltr'>Pfeifferi</span> <span class='ocrx_word' id='word_1_39' title='bbox 1042 989 1075 1050; x_wconf 92' lang='lat' dir='ltr'>et</span> <span class='ocrx_word' id='word_1_40' title='bbox 1090 985 1242 1052; x_wconf 87' lang='lat' dir='ltr'>Richteri</span> 
     </span>
     <span class='ocr_line' id='line_1_7' title="bbox 18 1091 496 1158; baseline 0.01 -5"><span class='ocrx_word' id='word_1_41' title='bbox 18 1091 221 1156; x_wconf 90' lang='lat' dir='ltr'>editionibus</span> <span class='ocrx_word' id='word_1_42' title='bbox 244 1093 496 1158; x_wconf 84' lang='lat' dir='ltr'>transcriberet.</span> 
     </span>
    </p>

    <p class='ocr_par' dir='ltr' id='par_1_3' title="bbox 15 1202 1242 1727">
     <span class='ocr_line' id='line_1_8' title="bbox 15 1202 1242 1285; baseline 0.006 -21"><span class='ocrx_word' id='word_1_43' title='bbox 15 1227 18 1240; x_wconf 90' lang='lat'><em>·</em></span> <span class='ocrx_word' id='word_1_44' title='bbox 98 1202 175 1267; x_wconf 90' lang='lat' dir='ltr'>Non</span> <span class='ocrx_word' id='word_1_45' title='bbox 210 1203 302 1267; x_wconf 92' lang='lat' dir='ltr'>nulla</span> <span class='ocrx_word' id='word_1_46' title='bbox 329 1204 373 1267; x_wconf 92' lang='lat' dir='ltr'>ad</span> <span class='ocrx_word' id='word_1_47' title='bbox 402 1204 527 1285; x_wconf 88' lang='lat' dir='ltr'>scripta</span> <span class='ocrx_word' id='word_1_48' title='bbox 554 1205 707 1268; x_wconf 86' lang='lat' dir='ltr'>Philonis</span> <span class='ocrx_word' id='word_1_49' title='bbox 738 1205 951 1270; x_wconf 90' lang='lat' dir='ltr'>emendanda</span> <span class='ocrx_word' id='word_1_50' title='bbox 981 1209 1014 1270; x_wconf 88' lang='lat' dir='ltr'>et</span> <span class='ocrx_word' id='word_1_51' title='bbox 1043 1204 1242 1271; x_wconf 90' lang='lat' dir='ltr'>illustranda</span> 
     </span>
     <span class='ocr_line' id='line_1_9' title="bbox 18 1313 1241 1381; baseline 0.005 -7"><span class='ocrx_word' id='word_1_52' title='bbox 18 1313 157 1376; x_wconf 85' lang='lat' dir='ltr'>contulit</span> <span class='ocrx_word' id='word_1_53' title='bbox 189 1313 429 1378; x_wconf 83' lang='lat' dir='ltr'>Fridericus</span> <span class='ocrx_word' id='word_1_54' title='bbox 464 1313 642 1379; x_wconf 84' lang='lat' dir='ltr'>Creuzer</span> <span class='ocrx_word' id='word_1_55' title='bbox 670 1315 706 1378; x_wconf 92' lang='lat' dir='ltr'>in</span> <span class='ocrx_word' id='word_1_56' title='bbox 740 1315 1027 1380; x_wconf 84' lang='lat' dir='ltr'>commentatione</span> <span class='ocrx_word' id='word_1_57' title='bbox 1061 1317 1241 1381; x_wconf 84' lang='lat' dir='ltr'>annalibus</span> 
     </span>
     <span class='ocr_line' id='line_1_10' title="bbox 16 1421 1242 1508; baseline 0.005 -24"><span class='ocrx_word' id='word_1_58' title='bbox 16 1421 140 1488; x_wconf 89' lang='lat' dir='ltr'>inserta</span> <span class='ocrx_word' id='word_1_59' title='bbox 175 1424 232 1506; x_wconf 93' lang='lat' dir='ltr'>qui</span> <span class='ocrx_word' id='word_1_60' title='bbox 269 1424 458 1489; x_wconf 90' lang='lat' dir='ltr'>inscribunt</span> <span class='ocrx_word' id='word_1_61' title='bbox 444 1428 499 1489; x_wconf 93' lang='lat' dir='ltr'>tur</span> <span class='ocrx_word' id='word_1_62' title='bbox 540 1423 834 1508; x_wconf 72' lang='lat' dir='ltr'>Theolopiacbei</span> <span class='ocrx_word' id='word_1_63' title='bbox 795 1424 834 1490; x_wconf 77' lang='lat' dir='ltr'>St</span> <span class='ocrx_word' id='word_1_64' title='bbox 833 1424 933 1490; x_wconf 78' lang='lat' dir='ltr'>adieri</span> <span class='ocrx_word' id='word_1_65' title='bbox 970 1425 1041 1490; x_wconf 80' lang='lat' dir='ltr'>und</span> <span class='ocrx_word' id='word_1_66' title='bbox 1077 1425 1143 1489; x_wconf 83' lang='lat' dir='ltr'>Kri</span> <span class='ocrx_word' id='word_1_67' title='bbox 1145 1425 1242 1506; x_wconf 78' lang='lat' dir='ltr'>tileo,</span> 
     </span>
     <span class='ocr_line' id='line_1_11' title="bbox 19 1533 1242 1619; baseline 0.007 -24"><span class='ocrx_word' id='word_1_68' title='bbox 19 1534 105 1611; x_wconf 77' lang='grc'>1833,</span> <span class='ocrx_word' id='word_1_69' title='bbox 139 1553 173 1616; x_wconf 94' lang='lat' dir='ltr'>p</span> <span class='ocrx_word' id='word_1_70' title='bbox 208 1536 227 1598; x_wconf 88' lang='lat'><strong>3</strong></span> <span class='ocrx_word' id='word_1_71' title='bbox 262 1555 334 1617; x_wconf 89' lang='lat' dir='ltr'>sqq.</span> <span class='ocrx_word' id='word_1_72' title='bbox 369 1534 422 1619; x_wconf 86' lang='lat'>(=</span> <span class='ocrx_word' id='word_1_73' title='bbox 444 1533 601 1600; x_wconf 76' lang='lat' dir='ltr'>Dctrtscbe</span> <span class='ocrx_word' id='word_1_74' title='bbox 629 1533 793 1618; x_wconf 70' lang='lat' dir='ltr'>Schriften</span> <span class='ocrx_word' id='word_1_75' title='bbox 821 1537 872 1613; x_wconf 93' lang='grc' dir='ltr'>ΙΙΙ,</span> <span class='ocrx_word' id='word_1_76' title='bbox 902 1535 1017 1619; x_wconf 55' lang='lat' dir='ltr'>tici</span> <span class='ocrx_word' id='word_1_77' title='bbox 982 1538 1169 1602; x_wconf 92' lang='lat' dir='ltr'>c.tadn0</span> <span class='ocrx_word' id='word_1_78' title='bbox 1145 1540 1242 1603; x_wconf 92' lang='lat' dir='ltr'>tad</span> 
     </span>
     <span class='ocr_line' id='line_1_12' title="bbox 17 1645 369 1727; baseline 0.003 -20"><span class='ocrx_word' id='word_1_79' title='bbox 17 1663 46 1724; x_wconf 91' lang='lat' dir='ltr'>p.</span> <span class='ocrx_word' id='word_1_80' title='bbox 68 1645 142 1722; x_wconf 61' lang='lat' dir='ltr'>ola</span> <span class='ocrx_word' id='word_1_81' title='bbox 166 1665 239 1727; x_wconf 88' lang='lat' dir='ltr'>sqq.</span> <span class='ocrx_word' id='word_1_82' title='bbox 263 1646 369 1723; x_wconf 58' lang='lat'><strong>6213.</strong></span> 
     </span>
    </p>
   </div>
   <div class='ocr_carea' id='block_1_3' title="bbox 17 1865 1240 4192">
    <p class='ocr_par' dir='ltr' id='par_1_4' title="bbox 17 1865 1240 4145">
     <span class='ocr_line' id='line_1_13' title="bbox 97 1865 1240 1950; baseline 0.005 -22"><span class='ocrx_word' id='word_1_83' title='bbox 97 1865 126 1928; x_wconf 88' lang='lat'>8.</span> <span class='ocrx_word' id='word_1_84' title='bbox 174 1865 339 1930; x_wconf 90' lang='lat' dir='ltr'>Omnibus</span> <span class='ocrx_word' id='word_1_85' title='bbox 368 1866 422 1930; x_wconf 91' lang='lat' dir='ltr'>his</span> <span class='ocrx_word' id='word_1_86' title='bbox 453 1866 626 1930; x_wconf 80' lang='lat' dir='ltr'>codicibus</span> <span class='ocrx_word' id='word_1_87' title='bbox 654 1871 687 1931; x_wconf 89' lang='lat' dir='ltr'>et</span> <span class='ocrx_word' id='word_1_88' title='bbox 715 1865 919 1931; x_wconf 88' lang='lat' dir='ltr'>editionibus</span> <span class='ocrx_word' id='word_1_89' title='bbox 949 1868 1137 1950; x_wconf 88' lang='lat' dir='ltr'>ceterisque</span> <span class='ocrx_word' id='word_1_90' title='bbox 1161 1871 1240 1934; x_wconf 90' lang='lat' dir='ltr'>sub-</span> 
     </span>
     <span class='ocr_line' id='line_1_14' title="bbox 18 1973 1238 2062; baseline 0.007 -27"><span class='ocrx_word' id='word_1_91' title='bbox 18 1973 107 2038; x_wconf 90' lang='lat' dir='ltr'>sidiis</span> <span class='ocrx_word' id='word_1_92' title='bbox 145 1995 247 2057; x_wconf 88' lang='lat' dir='ltr'>quam</span> <span class='ocrx_word' id='word_1_93' title='bbox 282 1983 437 2062; x_wconf 89' lang='lat' dir='ltr'>poteram</span> <span class='ocrx_word' id='word_1_94' title='bbox 475 1978 733 2060; x_wconf 88' lang='lat' dir='ltr'>diligentissime</span> <span class='ocrx_word' id='word_1_95' title='bbox 775 1978 928 2042; x_wconf 83' lang='lat' dir='ltr'>excussis</span> <span class='ocrx_word' id='word_1_96' title='bbox 966 1982 999 2042; x_wconf 89' lang='lat' dir='ltr'>et</span> <span class='ocrx_word' id='word_1_97' title='bbox 1036 1979 1238 2044; x_wconf 85' lang='lat' dir='ltr'>examinatis</span> 
     </span>
     <span class='ocr_line' id='line_1_15' title="bbox 17 2085 1239 2174; baseline 0.007 -27"><span class='ocrx_word' id='word_1_98' title='bbox 17 2085 165 2150; x_wconf 92' lang='lat' dir='ltr'>Philonis</span> <span class='ocrx_word' id='word_1_99' title='bbox 200 2088 349 2152; x_wconf 92' lang='lat' dir='ltr'>libellum</span> <span class='ocrx_word' id='word_1_100' title='bbox 383 2091 454 2172; x_wconf 78' lang='grc' dir='ltr'>περὶ</span> <span class='ocrx_word' id='word_1_101' title='bbox 489 2088 694 2174; x_wconf 65' lang='lat' dir='ltr'>coopertorium</span> <span class='ocrx_word' id='word_1_102' title='bbox 730 2089 774 2152; x_wconf 89' lang='lat' dir='ltr'>ad</span> <span class='ocrx_word' id='word_1_103' title='bbox 806 2089 906 2152; x_wconf 86' lang='lat' dir='ltr'>fidem</span> <span class='ocrx_word' id='word_1_104' title='bbox 939 2088 1103 2152; x_wconf 91' lang='lat' dir='ltr'>librorum</span> <span class='ocrx_word' id='word_1_105' title='bbox 1137 2111 1239 2156; x_wconf 89' lang='lat' dir='ltr'>manu</span> 
     </span>
     <span class='ocr_line' id='line_1_16' title="bbox 19 2197 1239 2278; baseline 0.007 -20"><span class='ocrx_word' id='word_1_106' title='bbox 19 2197 216 2278; x_wconf 89' lang='lat' dir='ltr'>scriptorum</span> <span class='ocrx_word' id='word_1_107' title='bbox 239 2204 271 2262; x_wconf 90' lang='lat' dir='ltr'>et</span> <span class='ocrx_word' id='word_1_108' title='bbox 294 2200 336 2264; x_wconf 92' lang='lat' dir='ltr'>ad</span> <span class='ocrx_word' id='word_1_109' title='bbox 360 2200 442 2264; x_wconf 88' lang='lat' dir='ltr'>artis</span> <span class='ocrx_word' id='word_1_110' title='bbox 467 2199 603 2265; x_wconf 88' lang='lat' dir='ltr'>criticae</span> <span class='ocrx_word' id='word_1_111' title='bbox 632 2218 771 2264; x_wconf 89' lang='lat' dir='ltr'>normas</span> <span class='ocrx_word' id='word_1_112' title='bbox 800 2217 978 2263; x_wconf 89' lang='lat' dir='ltr'>recensere</span> <span class='ocrx_word' id='word_1_113' title='bbox 1003 2203 1035 2263; x_wconf 89' lang='lat' dir='ltr'>et</span> <span class='ocrx_word' id='word_1_114' title='bbox 1058 2201 1239 2266; x_wconf 90' lang='lat' dir='ltr'>emendare</span> 
     </span>
     <span class='ocr_line' id='line_1_17' title="bbox 18 2307 1239 2393; baseline 0.005 -25"><span class='ocrx_word' id='word_1_115' title='bbox 18 2307 138 2372; x_wconf 89' lang='lat' dir='ltr'>studui.</span> <span class='ocrx_word' id='word_1_116' title='bbox 163 2312 264 2391; x_wconf 89' lang='lat' dir='ltr'>atque</span> <span class='ocrx_word' id='word_1_117' title='bbox 287 2309 322 2374; x_wconf 89' lang='lat' dir='ltr'>in</span> <span class='ocrx_word' id='word_1_118' title='bbox 345 2311 458 2392; x_wconf 90' lang='lat' dir='ltr'>priore</span> <span class='ocrx_word' id='word_1_119' title='bbox 482 2311 620 2393; x_wconf 90' lang='lat' dir='ltr'>quidem</span> <span class='ocrx_word' id='word_1_120' title='bbox 641 2315 737 2391; x_wconf 89' lang='lat' dir='ltr'>parte</span> <span class='ocrx_word' id='word_1_121' title='bbox 752 2309 858 2373; x_wconf 88' lang='lat' dir='ltr'>libelli</span> <span class='ocrx_word' id='word_1_122' title='bbox 880 2328 934 2373; x_wconf 89' lang='lat' dir='ltr'>me</span> <span class='ocrx_word' id='word_1_123' title='bbox 958 2309 1077 2373; x_wconf 91' lang='lat' dir='ltr'>ducem</span> <span class='ocrx_word' id='word_1_124' title='bbox 1099 2311 1239 2390; x_wconf 90' lang='lat' dir='ltr'>potissi-</span> 
     </span>
     <span class='ocr_line' id='line_1_18' title="bbox 17 2421 1238 2486; baseline 0.006 -7"><span class='ocrx_word' id='word_1_125' title='bbox 17 2436 102 2480; x_wconf 90' lang='lat' dir='ltr'>mum</span> <span class='ocrx_word' id='word_1_126' title='bbox 125 2423 279 2484; x_wconf 91' lang='lat' dir='ltr'>secutum</span> <span class='ocrx_word' id='word_1_127' title='bbox 302 2441 377 2486; x_wconf 90' lang='lat' dir='ltr'>esse</span> <span class='ocrx_word' id='word_1_128' title='bbox 394 2421 545 2486; x_wconf 86' lang='lat' dir='ltr'>codicem</span> <span class='ocrx_word' id='word_1_129' title='bbox 560 2421 861 2485; x_wconf 84' lang='lat' dir='ltr'>vindobonensem</span> <span class='ocrx_word' id='word_1_130' title='bbox 885 2424 1153 2485; x_wconf 88' lang='lat' dir='ltr'>consentaneum</span> <span class='ocrx_word' id='word_1_131' title='bbox 1176 2426 1238 2486; x_wconf 90' lang='lat' dir='ltr'>est.</span> 
     </span>
     <span class='ocr_line' id='line_1_19' title="bbox 17 2527 1238 2613; baseline 0.007 -24"><span class='ocrx_word' id='word_1_132' title='bbox 17 2527 48 2589; x_wconf 92' lang='lat' dir='ltr'>in</span> <span class='ocrx_word' id='word_1_133' title='bbox 69 2529 175 2594; x_wconf 85' lang='lat' dir='ltr'>altera</span> <span class='ocrx_word' id='word_1_134' title='bbox 198 2535 310 2595; x_wconf 88' lang='lat' dir='ltr'>autem</span> <span class='ocrx_word' id='word_1_135' title='bbox 332 2536 428 2613; x_wconf 89' lang='lat' dir='ltr'>parte</span> <span class='ocrx_word' id='word_1_136' title='bbox 450 2532 667 2613; x_wconf 87' lang='lat' dir='ltr'>praecipuum</span> <span class='ocrx_word' id='word_1_137' title='bbox 687 2535 861 2596; x_wconf 87' lang='lat' dir='ltr'>auctorem</span> <span class='ocrx_word' id='word_1_138' title='bbox 885 2531 1036 2596; x_wconf 89' lang='lat' dir='ltr'>codicem</span> <span class='ocrx_word' id='word_1_139' title='bbox 1051 2532 1238 2596; x_wconf 89' lang='lat' dir='ltr'>Mediceum</span> 
     </span>
     <span class='ocr_line' id='line_1_20' title="bbox 18 2639 1239 2725; baseline 0.007 -25"><span class='ocrx_word' id='word_1_140' title='bbox 18 2639 200 2705; x_wconf 87' lang='lat' dir='ltr'>existimavi</span> <span class='ocrx_word' id='word_1_141' title='bbox 234 2643 371 2725; x_wconf 91' lang='lat' dir='ltr'>eiusque</span> <span class='ocrx_word' id='word_1_142' title='bbox 405 2643 567 2708; x_wconf 90' lang='lat' dir='ltr'>lectiones</span> <span class='ocrx_word' id='word_1_143' title='bbox 602 2643 776 2724; x_wconf 84' lang='lat' dir='ltr'>amplexus</span> <span class='ocrx_word' id='word_1_144' title='bbox 815 2661 890 2706; x_wconf 87' lang='lat' dir='ltr'>sum</span> <span class='ocrx_word' id='word_1_145' title='bbox 929 2661 1048 2706; x_wconf 89' lang='lat' dir='ltr'>omnes</span> <span class='ocrx_word' id='word_1_146' title='bbox 1087 2662 1169 2724; x_wconf 90' lang='lat' dir='ltr'>quas</span> <span class='ocrx_word' id='word_1_147' title='bbox 1205 2648 1239 2708; x_wconf 91' lang='lat' dir='ltr'>et</span> 
     </span>
     <span class='ocr_line' id='line_1_21' title="bbox 19 2752 1238 2818; baseline 0.007 -8"><span class='ocrx_word' id='word_1_148' title='bbox 19 2752 255 2816; x_wconf 89' lang='lat' dir='ltr'>sententiarum</span> <span class='ocrx_word' id='word_1_149' title='bbox 279 2772 410 2818; x_wconf 88' lang='lat' dir='ltr'>conexu</span> <span class='ocrx_word' id='word_1_150' title='bbox 433 2757 466 2817; x_wconf 96' lang='lat' dir='ltr'>et</span> <span class='ocrx_word' id='word_1_151' title='bbox 481 2753 636 2818; x_wconf 90' lang='lat' dir='ltr'>Philonis</span> <span class='ocrx_word' id='word_1_152' title='bbox 659 2772 724 2816; x_wconf 90' lang='lat' dir='ltr'>usu</span> <span class='ocrx_word' id='word_1_153' title='bbox 746 2752 880 2816; x_wconf 89' lang='lat' dir='ltr'>dicendi</span> <span class='ocrx_word' id='word_1_154' title='bbox 904 2753 1135 2817; x_wconf 89' lang='lat' dir='ltr'>commendari</span> <span class='ocrx_word' id='word_1_155' title='bbox 1154 2754 1238 2818; x_wconf 90' lang='lat' dir='ltr'>mihi</span> 
     </span>
     <span class='ocr_line' id='line_1_22' title="bbox 18 2861 1236 2945; baseline 0.007 -25"><span class='ocrx_word' id='word_1_156' title='bbox 18 2861 179 2936; x_wconf 89' lang='lat' dir='ltr'>persuasi;</span> <span class='ocrx_word' id='word_1_157' title='bbox 203 2863 244 2926; x_wconf 91' lang='lat' dir='ltr'>iis</span> <span class='ocrx_word' id='word_1_158' title='bbox 266 2883 347 2927; x_wconf 88' lang='lat' dir='ltr'>vero</span> <span class='ocrx_word' id='word_1_159' title='bbox 370 2863 454 2927; x_wconf 88' lang='lat' dir='ltr'>locis</span> <span class='ocrx_word' id='word_1_160' title='bbox 480 2864 601 2945; x_wconf 92' lang='lat' dir='ltr'>quibus</span> <span class='ocrx_word' id='word_1_161' title='bbox 630 2864 682 2926; x_wconf 88' lang='lat' dir='ltr'>vel</span> <span class='ocrx_word' id='word_1_162' title='bbox 712 2863 912 2944; x_wconf 88' lang='lat' dir='ltr'>corruptelis</span> <span class='ocrx_word' id='word_1_163' title='bbox 941 2864 993 2926; x_wconf 93' lang='lat' dir='ltr'>vel</span> <span class='ocrx_word' id='word_1_164' title='bbox 1023 2864 1236 2944; x_wconf 83' lang='lat' dir='ltr'>glossematis</span> 
     </span>
     <span class='ocr_line' id='line_1_23' title="bbox 18 2971 1235 3056; baseline 0.007 -25"><span class='ocrx_word' id='word_1_165' title='bbox 18 2971 120 3036; x_wconf 83' lang='lat' dir='ltr'>textus</span> <span class='ocrx_word' id='word_1_166' title='bbox 148 2974 303 3039; x_wconf 89' lang='lat' dir='ltr'>Philonis</span> <span class='ocrx_word' id='word_1_167' title='bbox 332 2977 367 3039; x_wconf 90' lang='lat' dir='ltr'>in</span> <span class='ocrx_word' id='word_1_168' title='bbox 397 2975 512 3039; x_wconf 91' lang='lat' dir='ltr'>codice</span> <span class='ocrx_word' id='word_1_169' title='bbox 541 2974 583 3037; x_wconf 91' lang='lat' dir='ltr'><em>M</em></span> <span class='ocrx_word' id='word_1_170' title='bbox 608 2977 722 3056; x_wconf 87' lang='lat' dir='ltr'>aperte</span> <span class='ocrx_word' id='word_1_171' title='bbox 750 2975 950 3056; x_wconf 87' lang='lat' dir='ltr'>depravatus</span> <span class='ocrx_word' id='word_1_172' title='bbox 981 2978 1033 3037; x_wconf 87' lang='lat' dir='ltr'>est</span> <span class='ocrx_word' id='word_1_173' title='bbox 1066 2974 1235 3056; x_wconf 89' lang='lat' dir='ltr'>ceterique</span> 
     </span>
     <span class='ocr_line' id='line_1_24' title="bbox 19 3081 1234 3166; baseline 0.006 -25"><span class='ocrx_word' id='word_1_174' title='bbox 19 3081 142 3147; x_wconf 89' lang='lat' dir='ltr'>codices</span> <span class='ocrx_word' id='word_1_175' title='bbox 167 3084 210 3148; x_wconf 91' lang='lat' dir='ltr'>de</span> <span class='ocrx_word' id='word_1_176' title='bbox 233 3085 399 3166; x_wconf 90' lang='lat' dir='ltr'>scriptura</span> <span class='ocrx_word' id='word_1_177' title='bbox 422 3086 510 3150; x_wconf 90' lang='lat' dir='ltr'>inter</span> <span class='ocrx_word' id='word_1_178' title='bbox 526 3105 562 3149; x_wconf 94' lang='lat' dir='ltr'>se</span> <span class='ocrx_word' id='word_1_179' title='bbox 583 3085 787 3166; x_wconf 88' lang='lat' dir='ltr'>discrepant,</span> <span class='ocrx_word' id='word_1_180' title='bbox 810 3085 913 3148; x_wconf 92' lang='lat' dir='ltr'>modo</span> <span class='ocrx_word' id='word_1_181' title='bbox 938 3084 1091 3147; x_wconf 90' lang='lat' dir='ltr'>codicum</span> <span class='ocrx_word' id='word_1_182' title='bbox 1114 3085 1234 3150; x_wconf 88' lang='lat' dir='ltr'>classis</span> 
     </span>
     <span class='ocr_line' id='line_1_25' title="bbox 20 3193 1233 3277; baseline 0.003 -22"><span class='ocrx_word' id='word_1_183' title='bbox 20 3209 43 3255; x_wconf 84' lang='lat' dir='ltr'>u</span> <span class='ocrx_word' id='word_1_184' title='bbox 63 3195 162 3260; x_wconf 91' lang='lat' dir='ltr'>modo</span> <span class='ocrx_word' id='word_1_185' title='bbox 187 3195 305 3260; x_wconf 90' lang='lat' dir='ltr'>classis</span> <span class='ocrx_word' id='word_1_186' title='bbox 320 3199 343 3261; x_wconf 80' lang='lat' dir='ltr'>b</span> <span class='ocrx_word' id='word_1_187' title='bbox 358 3197 541 3260; x_wconf 83' lang='lat' dir='ltr'>auctoritas</span> <span class='ocrx_word' id='word_1_188' title='bbox 558 3195 729 3277; x_wconf 90' lang='lat' dir='ltr'>sequenda</span> <span class='ocrx_word' id='word_1_189' title='bbox 746 3195 823 3259; x_wconf 85' lang='lat' dir='ltr'>luit.</span> <span class='ocrx_word' id='word_1_190' title='bbox 847 3193 1042 3258; x_wconf 88' lang='lat' dir='ltr'>melioribus</span> <span class='ocrx_word' id='word_1_191' title='bbox 1060 3194 1233 3260; x_wconf 90' lang='lat' dir='ltr'>codicibus</span> 
     </span>
     <span class='ocr_line' id='line_1_26' title="bbox 21 3300 1234 3387; baseline 0.006 -25"><span class='ocrx_word' id='word_1_192' title='bbox 21 3300 125 3384; x_wconf 89' lang='lat' dir='ltr'>eisque</span> <span class='ocrx_word' id='word_1_193' title='bbox 148 3305 341 3387; x_wconf 82' lang='lat' dir='ltr'>diligentius</span> <span class='ocrx_word' id='word_1_194' title='bbox 356 3326 438 3371; x_wconf 92' lang='lat' dir='ltr'>usus</span> <span class='ocrx_word' id='word_1_195' title='bbox 454 3307 560 3371; x_wconf 91' lang='lat' dir='ltr'>multa</span> <span class='ocrx_word' id='word_1_196' title='bbox 574 3306 655 3369; x_wconf 92' lang='lat' dir='ltr'>vitia</span> <span class='ocrx_word' id='word_1_197' title='bbox 671 3325 755 3387; x_wconf 87' lang='lat' dir='ltr'>quae</span> <span class='ocrx_word' id='word_1_198' title='bbox 778 3305 814 3368; x_wconf 93' lang='lat' dir='ltr'>in</span> <span class='ocrx_word' id='word_1_199' title='bbox 835 3304 1001 3368; x_wconf 89' lang='lat' dir='ltr'>editiones</span> <span class='ocrx_word' id='word_1_200' title='bbox 1025 3324 1043 3367; x_wconf 90' lang='lat' dir='ltr'>e</span> <span class='ocrx_word' id='word_1_201' title='bbox 1067 3306 1234 3386; x_wconf 88' lang='lat' dir='ltr'>cormptis</span> 
     </span>
     <span class='ocr_line' id='line_1_27' title="bbox 21 3413 1234 3499; baseline 0.007 -27"><span class='ocrx_word' id='word_1_202' title='bbox 21 3413 183 3481; x_wconf 88' lang='lat' dir='ltr'>codicibus</span> <span class='ocrx_word' id='word_1_203' title='bbox 206 3416 414 3499; x_wconf 88' lang='lat' dir='ltr'>irrepserant</span> <span class='ocrx_word' id='word_1_204' title='bbox 437 3437 454 3481; x_wconf 92' lang='lat' dir='ltr'>e</span> <span class='ocrx_word' id='word_1_205' title='bbox 476 3421 571 3481; x_wconf 83' lang='lat' dir='ltr'>textu</span> <span class='ocrx_word' id='word_1_206' title='bbox 592 3416 747 3480; x_wconf 92' lang='lat' dir='ltr'>Philonis</span> <span class='ocrx_word' id='word_1_207' title='bbox 777 3415 896 3480; x_wconf 89' lang='lat' dir='ltr'>sustuli</span> <span class='ocrx_word' id='word_1_208' title='bbox 920 3434 959 3479; x_wconf 91' lang='lat' dir='ltr'>ac</span> <span class='ocrx_word' id='word_1_209' title='bbox 983 3415 1117 3496; x_wconf 90' lang='lat' dir='ltr'>saepius</span> <span class='ocrx_word' id='word_1_210' title='bbox 1140 3415 1234 3480; x_wconf 91' lang='lat' dir='ltr'>Man-</span> 
     </span>
     <span class='ocr_line' id='line_1_28' title="bbox 21 3523 1233 3610; baseline 0.006 -26"><span class='ocrx_word' id='word_1_211' title='bbox 21 3523 85 3600; x_wconf 81' lang='lat' dir='ltr'>geio</span> <span class='ocrx_word' id='word_1_212' title='bbox 107 3527 252 3606; x_wconf 88' lang='lat' dir='ltr'>genuina</span> <span class='ocrx_word' id='word_1_213' title='bbox 273 3528 375 3592; x_wconf 88' lang='lat' dir='ltr'>verba</span> <span class='ocrx_word' id='word_1_214' title='bbox 398 3528 573 3610; x_wconf 86' lang='lat' dir='ltr'>scriptoris</span> <span class='ocrx_word' id='word_1_215' title='bbox 596 3526 741 3592; x_wconf 90' lang='lat' dir='ltr'>restitui.</span> <span class='ocrx_word' id='word_1_216' title='bbox 766 3527 827 3590; x_wconf 90' lang='lat' dir='ltr'>sed</span> <span class='ocrx_word' id='word_1_217' title='bbox 856 3545 926 3589; x_wconf 92' lang='lat' dir='ltr'>non</span> <span class='ocrx_word' id='word_1_218' title='bbox 957 3526 1071 3590; x_wconf 90' lang='lat' dir='ltr'>omnia</span> <span class='ocrx_word' id='word_1_219' title='bbox 1093 3526 1233 3591; x_wconf 87' lang='lat' dir='ltr'>vulnera</span> 
     </span>
     <span class='ocr_line' id='line_1_29' title="bbox 21 3637 1234 3720; baseline 0.005 -23"><span class='ocrx_word' id='word_1_220' title='bbox 21 3651 95 3711; x_wconf 88' lang='lat' dir='ltr'>quae</span> <span class='ocrx_word' id='word_1_221' title='bbox 126 3638 281 3702; x_wconf 91' lang='lat' dir='ltr'>Philonis</span> <span class='ocrx_word' id='word_1_222' title='bbox 314 3642 425 3703; x_wconf 86' lang='lat' dir='ltr'>textus</span> <span class='ocrx_word' id='word_1_223' title='bbox 459 3638 611 3719; x_wconf 84' lang='lat' dir='ltr'>vulgatus</span> <span class='ocrx_word' id='word_1_224' title='bbox 645 3658 726 3720; x_wconf 92' lang='lat' dir='ltr'>prae</span> <span class='ocrx_word' id='word_1_225' title='bbox 762 3659 799 3702; x_wconf 90' lang='lat' dir='ltr'>se</span> <span class='ocrx_word' id='word_1_226' title='bbox 833 3638 897 3702; x_wconf 84' lang='lat' dir='ltr'>fert</span> <span class='ocrx_word' id='word_1_227' title='bbox 931 3637 1094 3702; x_wconf 90' lang='lat' dir='ltr'>librorum</span> <span class='ocrx_word' id='word_1_228' title='bbox 1131 3658 1234 3703; x_wconf 91' lang='lat' dir='ltr'>manu</span> 
     </span>
     <span class='ocr_line' id='line_1_30' title="bbox 22 3745 1232 3830; baseline 0.008 -26"><span class='ocrx_word' id='word_1_229' title='bbox 22 3745 211 3826; x_wconf 88' lang='lat' dir='ltr'>scriptorum</span> <span class='ocrx_word' id='word_1_230' title='bbox 227 3768 291 3830; x_wconf 90' lang='lat' dir='ltr'>ope</span> <span class='ocrx_word' id='word_1_231' title='bbox 307 3749 420 3813; x_wconf 90' lang='lat' dir='ltr'>sanari</span> <span class='ocrx_word' id='word_1_232' title='bbox 442 3753 595 3830; x_wconf 84' lang='lat' dir='ltr'>possunt,</span> <span class='ocrx_word' id='word_1_233' title='bbox 620 3749 779 3830; x_wconf 89' lang='lat' dir='ltr'>quoniam</span> <span class='ocrx_word' id='word_1_234' title='bbox 802 3749 913 3812; x_wconf 92' lang='lat' dir='ltr'>nullus</span> <span class='ocrx_word' id='word_1_235' title='bbox 933 3748 1039 3813; x_wconf 85' lang='lat' dir='ltr'>codex</span> <span class='ocrx_word' id='word_1_236' title='bbox 1063 3751 1232 3814; x_wconf 83' lang='lat' dir='ltr'>amandis</span> 
     </span>
     <span class='ocr_line' id='line_1_31' title="bbox 22 3855 1233 3941; baseline 0.007 -26"><span class='ocrx_word' id='word_1_237' title='bbox 22 3856 194 3937; x_wconf 88' lang='lat' dir='ltr'>scripturae</span> <span class='ocrx_word' id='word_1_238' title='bbox 228 3862 262 3923; x_wconf 91' lang='lat' dir='ltr'>et</span> <span class='ocrx_word' id='word_1_239' title='bbox 289 3860 487 3941; x_wconf 91' lang='lat' dir='ltr'>corruptelis</span> <span class='ocrx_word' id='word_1_240' title='bbox 521 3860 607 3923; x_wconf 90' lang='lat' dir='ltr'>liber</span> <span class='ocrx_word' id='word_1_241' title='bbox 641 3863 693 3924; x_wconf 91' lang='lat' dir='ltr'>est</span> <span class='ocrx_word' id='word_1_242' title='bbox 721 3879 760 3924; x_wconf 90' lang='lat' dir='ltr'>ac</span> <span class='ocrx_word' id='word_1_243' title='bbox 789 3855 953 3923; x_wconf 88' lang='lat' dir='ltr'>memoria</span> <span class='ocrx_word' id='word_1_244' title='bbox 982 3859 1136 3924; x_wconf 91' lang='lat' dir='ltr'>Philonis</span> <span class='ocrx_word' id='word_1_245' title='bbox 1166 3860 1233 3925; x_wconf 91' lang='lat' dir='ltr'>iam</span> 
     </span>
     <span class='ocr_line' id='line_1_32' title="bbox 21 3966 1233 4053; baseline 0.008 -29"><span class='ocrx_word' id='word_1_246' title='bbox 21 3966 191 4048; x_wconf 89' lang='lat' dir='ltr'>antiquitus</span> <span class='ocrx_word' id='word_1_247' title='bbox 225 3968 406 4051; x_wconf 86' lang='lat' dir='ltr'>depravata</span> <span class='ocrx_word' id='word_1_248' title='bbox 435 3971 550 4034; x_wconf 77' lang='lat' dir='ltr'>fuiti</span> <span class='ocrx_word' id='word_1_249' title='bbox 540 3970 651 4053; x_wconf 90' lang='lat' dir='ltr'>itaque</span> <span class='ocrx_word' id='word_1_250' title='bbox 684 3971 760 4052; x_wconf 91' lang='lat' dir='ltr'>plus</span> <span class='ocrx_word' id='word_1_251' title='bbox 796 3969 900 4034; x_wconf 88' lang='lat' dir='ltr'>semel</span> <span class='ocrx_word' id='word_1_252' title='bbox 929 3970 1121 4035; x_wconf 90' lang='lat' dir='ltr'>coniectura</span> <span class='ocrx_word' id='word_1_253' title='bbox 1149 3991 1233 4052; x_wconf 88' lang='lat' dir='ltr'>opus</span> 
     </span>
     <span class='ocr_line' id='line_1_33' title="bbox 22 4078 1232 4192; baseline 0.007 -56"><span class='ocrx_word' id='word_1_254' title='bbox 22 4078 125 4140; x_wconf 86' lang='lat' dir='ltr'>estad</span> <span class='ocrx_word' id='word_1_255' title='bbox 146 4079 228 4143; x_wconf 91' lang='lat' dir='ltr'>vitia</span> <span class='ocrx_word' id='word_1_256' title='bbox 249 4079 449 4146; x_wconf 89' lang='lat' dir='ltr'>tollendaet</span> <span class='ocrx_word' id='word_1_257' title='bbox 463 4081 567 4145; x_wconf 87' lang='lat' dir='ltr'>verba</span> <span class='ocrx_word' id='word_1_258' title='bbox 580 4080 706 4145; x_wconf 90' lang='lat' dir='ltr'>tradita</span> <span class='ocrx_word' id='word_1_259' title='bbox 671 4080 953 4144; x_wconf 89' lang='lat' dir='ltr'>t.emendanda</span> <span class='ocrx_word' id='word_1_260' title='bbox 979 4080 1232 4192; x_wconf 88' lang='lat' dir='ltr'>emendationes</span> 
     </span>
    </p>
   </div>
   <div class='ocr_carea' id='block_1_4' title="bbox 22 4183 1233 4607">
    <p class='ocr_par' dir='ltr' id='par_1_5' title="bbox 22 4183 699 4273">
     <span class='ocr_line' id='line_1_34' title="bbox 22 4183 699 4273; baseline 0.015 -29"><span class='ocrx_word' id='word_1_261' title='bbox 22 4183 57 4246; x_wconf 86' lang='lat' dir='ltr'>ab</span> <span class='ocrx_word' id='word_1_262' title='bbox 78 4188 147 4253; x_wconf 88' lang='lat' dir='ltr'>aliis</span> <span class='ocrx_word' id='word_1_263' title='bbox 170 4191 325 4272; x_wconf 89' lang='lat' dir='ltr'>proposit</span> <span class='ocrx_word' id='word_1_264' title='bbox 327 4211 364 4254; x_wconf 94' lang='lat' dir='ltr'>as</span> <span class='ocrx_word' id='word_1_265' title='bbox 388 4192 499 4273; x_wconf 89' lang='lat' dir='ltr'>recepi</span> <span class='ocrx_word' id='word_1_266' title='bbox 523 4191 575 4255; x_wconf 90' lang='lat' dir='ltr'>his</span> <span class='ocrx_word' id='word_1_267' title='bbox 599 4191 699 4255; x_wconf 90' lang='lat' dir='ltr'>locis:</span> 
     </span>
    </p>

    <p class='ocr_par' dir='ltr' id='par_1_6' title="bbox 22 4295 1233 4607">
     <span class='ocr_line' id='line_1_35' title="bbox 95 4295 1233 4385; baseline 0.004 -25"><span class='ocrx_word' id='word_1_268' title='bbox 95 4299 165 4376; x_wconf 78' lang='lat' dir='ltr'>l‚15</span> <span class='ocrx_word' id='word_1_269' title='bbox 189 4295 269 4385; x_wconf 75' lang='grc' dir='ltr'>αὐτῇ</span> <span class='ocrx_word' id='word_1_270' title='bbox 292 4301 413 4382; x_wconf 90' lang='lat' dir='ltr'>scripsi</span> <span class='ocrx_word' id='word_1_271' title='bbox 436 4321 512 4366; x_wconf 91' lang='lat' dir='ltr'>cum</span> <span class='ocrx_word' id='word_1_272' title='bbox 535 4301 722 4365; x_wconf 89' lang='lat' dir='ltr'>editoribus</span> <span class='ocrx_word' id='word_1_273' title='bbox 746 4301 904 4366; x_wconf 88' lang='lat' dir='ltr'>omnibus</span> <span class='ocrx_word' id='word_1_274' title='bbox 927 4321 990 4382; x_wconf 91' lang='lat' dir='ltr'>pro</span> <span class='ocrx_word' id='word_1_275' title='bbox 1015 4297 1129 4384; x_wconf 79' lang='grc' dir='ltr'>αυτην.</span> <span class='ocrx_word' id='word_1_276' title='bbox 1153 4320 1233 4365; x_wconf 90' lang='lat' dir='ltr'>nam</span> 
     </span>
     <span class='ocr_line' id='line_1_36' title="bbox 22 4401 1232 4542; baseline 0.01 -79"><span class='ocrx_word' id='word_1_277' title='bbox 22 4401 163 4473; x_wconf 91' lang='lat' dir='ltr'>Philot</span> <span class='ocrx_word' id='word_1_278' title='bbox 131 4414 163 4473; x_wconf 89' lang='lat' dir='ltr'>et</span> <span class='ocrx_word' id='word_1_279' title='bbox 165 4411 193 4474; x_wconf 92' lang='lat' dir='ltr'>si</span> <span class='ocrx_word' id='word_1_280' title='bbox 215 4411 354 4474; x_wconf 90' lang='lat' dir='ltr'>verbum</span> <span class='ocrx_word' id='word_1_281' title='bbox 377 4411 570 4542; x_wconf 81' lang='grc' dir='ltr'>ἐπιφημίζειν</span> <span class='ocrx_word' id='word_1_282' title='bbox 584 4412 787 4494; x_wconf 87' lang='lat' dir='ltr'>aliquotiens</span> <span class='ocrx_word' id='word_1_283' title='bbox 804 4431 879 4476; x_wconf 92' lang='lat' dir='ltr'>cum</span> <span class='ocrx_word' id='word_1_284' title='bbox 894 4411 1019 4493; x_wconf 91' lang='lat' dir='ltr'>duplici</span> <span class='ocrx_word' id='word_1_285' title='bbox 1041 4412 1232 4476; x_wconf 87' lang='lat' dir='ltr'>accusativo</span> 
     </span>
     <span class='ocr_line' id='line_1_37' title="bbox 23 4515 1233 4607; baseline 0.011 -34"><span class='ocrx_word' id='word_1_286' title='bbox 23 4515 180 4601; x_wconf 82' lang='lat' dir='ltr'>coniungit</span> <span class='ocrx_word' id='word_1_287' title='bbox 203 4520 311 4602; x_wconf 82' lang='lat' dir='ltr'>(c.8‚</span> <span class='ocrx_word' id='word_1_288' title='bbox 315 4519 419 4587; x_wconf 84' lang='grc' dir='ltr'>18ὥν</span> <span class='ocrx_word' id='word_1_289' title='bbox 441 4519 477 4584; x_wconf 79' lang='grc' dir='ltr'>τὸ</span> <span class='ocrx_word' id='word_1_290' title='bbox 501 4523 555 4606; x_wconf 84' lang='grc' dir='ltr'>μὲν</span> <span class='ocrx_word' id='word_1_291' title='bbox 579 4520 753 4607; x_wconf 80' lang='grc' dir='ltr'>ἐπεφήμισε</span> <span class='ocrx_word' id='word_1_292' title='bbox 780 4520 914 4604; x_wconf 85' lang='grc' dir='ltr'>σκότσςΙ,</span> <span class='ocrx_word' id='word_1_293' title='bbox 945 4526 1152 4586; x_wconf 89' lang='lat' dir='ltr'>nontamen</span> <span class='ocrx_word' id='word_1_294' title='bbox 1175 4520 1233 4605; x_wconf 79' lang='grc' dir='ltr'>την</span> 
     </span>
    </p>
   </div>
   <div class='ocr_carea' id='block_1_5' title="bbox 22 4623 1230 4801">
    <p class='ocr_par' dir='ltr' id='par_1_7' title="bbox 22 4623 1230 4801">
     <span class='ocr_line' id='line_1_38' title="bbox 22 4623 1230 4717; baseline 0.006 -29.125"><span class='ocrx_word' id='word_1_295' title='bbox 22 4623 176 4712; x_wconf 82' lang='grc' dir='ltr'>πρόσρησιν</span> <span class='ocrx_word' id='word_1_296' title='bbox 199 4630 387 4716; x_wconf 81' lang='grc' dir='ltr'>ἐπιφημίσας</span> <span class='ocrx_word' id='word_1_297' title='bbox 409 4624 507 4716; x_wconf 73' lang='grc' dir='ltr'>αὐτην</span> <span class='ocrx_word' id='word_1_298' title='bbox 530 4633 658 4698; x_wconf 87' lang='lat' dir='ltr'>dixisse</span> <span class='ocrx_word' id='word_1_299' title='bbox 680 4638 740 4714; x_wconf 93' lang='lat' dir='ltr'>put</span> <span class='ocrx_word' id='word_1_300' title='bbox 726 4634 924 4698; x_wconf 90' lang='lat' dir='ltr'>ttandus</span> <span class='ocrx_word' id='word_1_301' title='bbox 873 4637 939 4697; x_wconf 90' lang='lat' dir='ltr'>est:</span> <span class='ocrx_word' id='word_1_302' title='bbox 971 4633 1012 4696; x_wconf 76' lang='grc' dir='ltr'>ΙΙ</span> <span class='ocrx_word' id='word_1_303' title='bbox 1036 4633 1111 4710; x_wconf 74' lang='grc' dir='ltr'>3,Ιῷ</span> <span class='ocrx_word' id='word_1_304' title='bbox 1133 4654 1176 4717; x_wconf 83' lang='grc' dir='ltr'>τῳ</span> <span class='ocrx_word' id='word_1_305' title='bbox 1200 4625 1230 4696; x_wconf 78' lang='grc' dir='ltr'>δ’</span> 
     </span>
     <span class='ocr_line' id='line_1_39' title="bbox 1025 4749 1077 4801; baseline 0 0"><span class='ocrx_word' id='word_1_306' title='bbox 1025 4749 1077 4801; x_wconf 76' lang='grc' dir='ltr'>ΙΙΙ*</span> 
     </span>
    </p>
   </div>
   <div class='ocr_carea' id='block_1_6' title="bbox 0 0 1581 5238">
    <p class='ocr_par' dir='ltr' id='par_1_8' title="bbox 0 0 1581 5238">
     <span class='ocr_line' id='line_1_40' title="bbox 0 0 1581 5238; baseline 0 0"><span class='ocrx_word' id='word_1_307' title='bbox 0 0 1581 5238; x_wconf 95' lang='lat' dir='ltr'> </span> 
     </span>
    </p>
   </div>
  </div>
 </body>
</html>
