3092 5236
932 393 973 468 36

848 489 1051 502 ——n-——d

343 595 400 692 τήν
420 605 476 673 τσῦ
498 601 563 687 ἑνός
584 607 764 695 πρόσθεσιν,
789 605 909 696 βάθους
931 609 1066 696 ἐπιπέδῳ
1088 606 1328 696 προστεθέντος·
1351 605 1385 690 ἐξ
1405 607 1437 674 οῶ
1454 605 1510 694 δῆλόν

345 717 423 785 ἐστιν
456 717 500 786 ότι
532 713 553 806 ῆ
587 721 643 806 τῆς
675 720 849 809 ἑβδομάδος
889 719 979 788 οῶσία
1017 723 1207 809 γεωμετρίας
1239 725 1295 787 καὶ
1328 721 1511 808 στερευμετρζις

343 823 428 918 ἀρχή
451 834 506 895 καί
529 830 682 899 συνελόντι
703 832 821 919 φράσαι
844 831 1019 920 ἀσωμάτων
1041 831 1119 920 ὁμοῦ
1141 836 1196 898 καί
1217 833 1380 920 σωμάτων.

429 940 486 1009 33.
524 942 662 1010 Τοσαῦτα
685 941 715 1008 δ’
729 945 761 1011 έν
783 944 933 1032 ἑβδομάδι
954 945 1092 1030 πέφυκεν
1114 946 1190 1012 είναι
1210 946 1246 1010 τδ
1269 945 1452 1032 ίεροπρεπές,
1469 941 1509 1007 ὥσ

309 1063 323 1108 ⁶
344 1053 497 1139 ἐξαίρετον
519 1056 586 1142 ἔχει
608 1054 702 1143 λόγον
722 1055 810 1142 παρά
832 1055 903 1134 τούς
925 1057 957 1125 έν
974 1057 1084 1122 δεκάδι
1105 1057 1222 1135 πάντας
1244 1057 1410 1145 ἀριθμούς·
1432 1057 1511 1121 ἐκείνω

341 1164 404 1252 γάρ
426 1165 455 1231 οί
477 1168 531 1253 μέν
552 1167 696 1253 γεννῶσιν
718 1166 755 1233 οδ
777 1166 969 1255 γεννώμενοι,
993 1171 1023 1236 οί
1044 1171 1079 1234 δέ
1099 1171 1265 1256 γεννῶνται
1286 1171 1351 1257 μέν,
1376 1169 1411 1234 οῶ
1431 1169 1510 1254 γενῶι

344 1276 392 1360 δέ,
421 1277 450 1342 σί
473 1275 503 1342 δ’
521 1276 682 1366 ἀμφότερα
710 1283 765 1345 καί
792 1281 919 1366 γεννῶσι
944 1283 999 1345 καί
1019 1287 1198 1366 γεννῶνται·
1223 1280 1300 1368 μόνη
1316 1279 1353 1346 ,δ’
1372 1279 1512 1370 έβδομάςὲν

342 1389 443 1458 οὐδενί
466 1391 551 1480 μέρει
572 1393 747 1479 θεωρεῖται.
785 1392 842 1480 τήν
864 1389 892 1458 δ’
911 1390 1079 1479 ὑπόσχεσιν
1102 1392 1257 1473 ἀποδείξει
1285 1393 1468 1480 βεβαιωτέον.
1494 1387 1510 1451 ὥ

343 1505 398 1589 μὲν
420 1501 472 1570 οὖν
494 1503 526 1570 ἓν
547 1505 640 1591 γεννᾷ
660 1503 731 1583 τοῶς
755 1505 825 1591 ἑξῆς
854 1504 993 1584 ἅπαντας
1019 1503 1171 1592 ἀριθμοὺς
1192 1503 1247 1570 ὑπ’
1264 1502 1390 1583 οὐδενὸς
1410 1501 1511 1590 γεννώμε·

288 1623 322 1668 ¹⁰
342 1637 392 1682 νον
413 1613 448 1680 τό
470 1614 630 1701 παράπαν·
658 1617 697 1682 τᾶ
726 1610 756 1681 δ’
779 1610 862 1682 ἀκτώ
894 1618 1036 1704 γεννᾶται
1070 1619 1124 1708 μέν
1156 1616 1221 1683 ὥπδ
1248 1620 1302 1683 τοῦ
1336 1620 1383 1696 δίς
1412 1618 1510 1697 τέσσαρα

341 1728 433 1814 γεννᾷ
456 1725 486 1792 δ’
503 1721 614 1795 οῶδένα
639 1735 699 1796 τῶν
726 1728 758 1795 ἐν
786 1728 910 1794 δεκάδι·
945 1729 962 1795 ό
990 1728 1020 1795 δ’
1050 1729 1090 1795 αὖ
1117 1729 1255 1820 τέσσαρα
1280 1729 1337 1817 τήν
1367 1725 1510 1818 ἀμφοῖνιί

341 1839 456 1926 γονέων
477 1843 533 1906 καί
555 1840 690 1926 ἐκγόνων
717 1842 783 1927 ἔχει
804 1840 903 1920 τάξιν·
932 1849 1025 1928 γεννᾷ
1053 1844 1107 1928 μέν
1134 1842 1196 1928 γάρ
1222 1841 1261 1906 τᾶ
1290 1840 1375 1910 ὀκτώ
1403 1843 1443 1917 δὶς
1462 1833 1511 1922 γιῶ

342 1975 446 2040 μενος,
474 1953 616 2039 γεννᾶται
638 1950 668 2017 δ’
685 1945 745 2020 ὑπὸ
767 1959 821 2018 τοῦ
844 1955 888 2032 δὶς
910 1952 975 2019 δυό.
1020 1952 1112 2040 μόνος
1134 1952 1165 2018 δ’
1183 1947 1224 2032 ὥς
1246 1955 1325 2039 ἔφην
1346 1948 1365 2019 ὁ
1388 1950 1457 2018 έπτά
1472 1948 1510 2012 ιῶε

205 2083 230 2136 p.
243 2066 322 2122 1411.
341 2072 450 2152 γεννᾶν
470 2064 608 2151 πέφυκεν
630 2064 700 2131 οὔτε
722 2065 902 2150 γεννᾶσθαι.
946 2057 987 2130 δι’
1004 2063 1044 2150 ῆν
1067 2064 1071 2152 ί
1096 2066 1196 2135 αἰτίαν
1218 2065 1247 2130 οί
1274 2067 1330 2151 μέν
1359 2063 1443 2128 ἄλλοι
1463 2057 1511 2144 φῶ

288 2183 321 2229 ¹⁵
343 2199 434 2263 σοφοι
455 2175 507 2244 τόν
529 2170 663 2265 ἀριθμόν
684 2177 792 2244 τοῦτον
814 2177 987 2264 ἐξομοιοῦσι
1007 2178 1046 2264 τῆ
1070 2171 1203 2265 ἀμήτορι
1224 2177 1308 2264 Νίκῃ
1323 2181 1380 2244 καὶ
1394 2174 1511 2260 Παρθένῳ·

341 2288 380 2376 ῆν
403 2291 440 2354 ἐκ
461 2289 516 2375 τῆς
537 2295 591 2354 τοῦ
613 2285 683 2366 Διός
703 2289 846 2375 κεφαλῆς
867 2289 1060 2376 ἀναφανῆναι
1081 2289 1174 2376 λόγος
1196 2291 1273 2376 ἔχει,
1301 2291 1332 2354 οί
1352 2291 1390 2354 δέ
1409 2279 1510 2367 Πυθιγό

343 2423 417 2487 ρειοι
438 2405 481 2487 τῷ
502 2394 631 2487 ῆγεμόνι
652 2406 712 2468 τῶν
733 2401 924 2488 συμπάντων·
969 2400 1004 2466 τό
1025 2403 1087 2488 γάρ
1110 2403 1189 2489 μήτε
1210 2408 1324 2488 γεννῶν
1346 2401 1425 2488 μήτε
1442 2393 1511 2484 γενώ

342 2533 432 2600 μενον
454 2509 599 2598 ἀκίνητον
621 2512 717 2599 μένει·
742 2515 774 2580 ἐν
796 2514 915 2601 κινήσει
935 2512 998 2600 γάρ
1020 2513 1183 2600 ήγὲνεσις,
1202 2514 1269 2580 ἐπεὶ
1283 2515 1360 2599 <καί
1375 2513 1411 2579 τό
1423 2505 1511 2598 γεννῶίλ

429 2678 517 2745 1τήν
539 2681 586 2730 τοῦ
610 2694 663 2731 om.
687 2675 725 2741 D,
753 2681 800 2730 τοῦ
824 2695 878 2732 om.
901 2677 930 2732 B
1017 2679 1142 2746 πρόθεσιν
1163 2677 1194 2732 F
1278 2671 1510 2745 ἀστερεωμετρίαῶί

374 2765 393 2817 ό
410 2767 535 2818 τοσοῦτον
553 2762 616 2818 ΜΕ
683 2765 758 2834 εῖναι]
777 2770 801 2818 εἰ
817 2763 847 2818 D
917 2766 1003 2820 verba
1020 2762 1084 2819 ὥστ’
1099 2770 1233 2833 ἐξαίρετον
1251 2781 1312 2833 sqq.
1325 2763 1455 2834 usquead
1467 2753 1511 2819 ἀλλά

341 2847 474 2921 ἰασόμενον
493 2869 549 2908 om:
565 2850 602 2905 Μ
676 2853 782 2921 5έχει
799 2852 886 2906 οοάιί.ε
907 2855 976 2920 έχειν
993 2851 1048 2907 edd.
1128 2852 1212 2923 παρά]
1230 2857 1291 2919 περί
1308 2860 1354 2908 α’
1409 2855 1433 2903 ἐν
1448 2837 1512 2906 δειίδί

340 2941 414 3004 ἐντός
431 2939 546 3005 δεκάδος
563 2937 608 2994 F¹
678 2941 694 2992 6
713 2939 747 3008 μή
766 2940 923 3007 γεννώμενοι
940 2958 964 2996 a
1038 2940 1124 2994 verba
1141 2942 1281 3007 γεννῶνται
1299 2943 1400 3006 μέν-
1418 2931 1512 3002 ίγενῶί

339 3031 386 3080 καί
405 3043 458 3080 om.
479 3024 503 3079 0
570 3028 585 3080 7
605 3029 632 3078 ἐν
651 3042 738 3081 om.a
807 3027 824 3079 8
843 3021 977 3089 ἀποδείξει
994 3023 1024 3080 F
1041 3027 1208 3097 (correxerat
1226 3025 1402 3094 Turnebus):
1420 3018 1512 3076 ιἰιιιδεῖῶ11

339 3112 417 3166 σείοντ’
496 3111 660 3181 βεβαιωτέον]
681 3114 850 3178 βεβαιοτέραν
868 3129 891 3168 a
971 3112 1126 3176 9ἀπαντοις
1145 3115 1207 3180 έξῆς
1223 3110 1283 3165 BD
1365 3114 1400 3166 10
1415 3109 1453 3177 τά]
1467 3097 1512 3155 τὸίί

375 3197 434 3252 ὥπδ
461 3198 535 3255 Fa:
554 3195 645 3253 άπδδ
739 3202 863 3266 τέσσαρες
887 3198 925 3268 D,
953 3200 978 3252 δ’
1003 3197 1057 3254 ΑΒ
1146 3200 1176 3252 11
1205 3199 1264 3266 τήν
1291 3207 1414 3266 αμφσῖν
1433 3193 1512 3250 Ριτῶί

340 3282 438 3354 ἀμφοῖν
455 3303 486 3353 a,
505 3287 552 3354 τήν
571 3280 653 3352 οιῶτήν
671 3289 690 3340 b
780 3285 812 3338 12
831 3285 869 3337 τά
888 3280 975 3338 ὀκτώ
993 3303 1033 3341 a:
1053 3287 1086 3339 τά
1104 3283 1235 3349 0111.KL‚
1253 3284 1282 3337 τό
1303 3279 1375 3338 ὀκτώ
1393 3275 1511 3343 1111111

340 3369 467 3426 ὀκτώῶη
517 3370 981 3441 γενόμενοςΕωε-γεννώμενοςδ
1034 3374 1069 3428 v18
1086 3378 1142 3428 καί
1160 3373 1195 3426 τό
1207 3375 1328 3439 γεννῶν
1342 3373 1405 3426 add.
1414 3359 1512 3426 Markland

426 3506 443 3558 5
461 3521 522 3573 sqq.
541 3505 605 3572 Leg.
625 3504 705 3571 alleg.
724 3504 736 3556 I
754 3503 788 3556 όῶ
811 3502 882 3554 κατά
905 3519 962 3555 τινα
984 3503 1065 3571 λόγον
1089 3486 1118 3556 οἱ4
1137 3503 1209 3567 έντδς
1233 3502 1350 3566 δεκάδος
1372 3496 1468 3570 ἀριθμοί
1480 3507 1511 3560 γει

339 3591 466 3660 νῶνταιή
486 3594 593 3660 γεννῶσι
611 3592 672 3655 τοῶς
696 3591 768 3654 ἐντός
791 3589 906 3653 δεκάδος
929 3594 977 3642 καί
1000 3584 1130 3659 αιἰτήν·ή
1155 3594 1184 3642 δέ
1206 3585 1234 3658 γ’
1260 3590 1378 3657 έβδομάς
1400 3588 1453 3643 οὔτε
1466 3577 1511 3650 γετί

339 3697 396 3732 τινα
418 3680 469 3732 τῶν
493 3679 566 3742 ἐντός
590 3678 704 3741 δεκάδος
726 3673 846 3744 ἀριθμῶν
869 3676 930 3730 οὔτε
951 3679 1074 3745 γεννᾶται
1097 3675 1148 3730 ὥπό
1172 3693 1253 3741 τινος.
1276 3673 1342 3744 παρ’
1363 3677 1379 3730 ὃ
1398 3672 1511 3744 μυθεύοντῶ

341 3771 365 3818 οἱ
386 3766 565 3834 Πυθαγόρειοι
587 3765 619 3832 τῆ
643 3760 809 3831 ἀειπαρθένῳ
831 3767 879 3817 καί
901 3760 1017 3832 ἀμήτορι
1040 3759 1123 3832 αὐτήν
1140 3757 1337 3827 ἀπεικάζουσιν,
1356 3763 1397 3816 δτι
1414 3756 1460 3815 οὔτ’
1476 3751 1511 3808 ἀῶ·

339 3849 430 3923 κυήθή
450 3849 506 3907 οὔτ’
528 3848 693 3916 ἀποτέξεται.
752 3852 784 3904 15
803 3852 837 3904 de
850 3851 896 3904 vit.
915 3851 981 3904 Mos.
995 3851 1020 3904 II
1034 3851 1084 3904 166
1103 3849 1208 3916 εῶρισκε
1225 3850 1278 3917 γάρ
1297 3845 1381 3918 αῶτήν
1399 3837 1511 3920 (ἑβδιρῶδίί

340 3942 369 3993 τό
389 3945 434 4009 μέν
452 3943 555 4008 πρῶτον
573 3933 697 4007 ἀμήτορα
714 3937 807 4006 γενεᾶς
818 3941 867 4006 τῆς
879 3937 981 4006 θήλεος
994 3932 1133 4004 ἀμέτοχον,
1154 3940 1186 3988 ἐκ
1199 3934 1279 4002 μόνου
1293 3939 1395 4004 πατρὸς
1412 3937 1512 3999 σπαρείιῶ

339 4028 401 4082 ἀνευ
420 4031 522 4096 σπορᾶς
539 4032 587 4081 καί
603 4029 775 4095 γεννηθεῖσαν
792 4024 855 4078 ἀνευ
873 4019 1006 4093 κυήσεως·
1027 4028 1117 4077 ἔπειτα
1136 4019 1160 4076 δ’
1183 4017 1213 4075 οὗ
1232 4026 1318 4076 ταῦτα
1337 4025 1415 4091 μόνον
1430 4019 1511 4076 κατεῖδε

339 4116 380 4169 ὅτι
397 4117 525 4186 παγκάλη
544 4120 590 4168 καί
609 4109 726 4182 ἀμήτωρ,
745 4108 808 4166 ἀλλ’
829 4112 869 4166 ὅτι
880 4117 927 4166 καί
940 4109 1124 4179 ἀειπάρθενος,
1143 4107 1197 4164 οὔτ’
1219 4113 1251 4163 ἐκ
1270 4113 1370 4178 μητρὸς
1388 4111 1443 4166 οῶτε
1458 4105 1511 4174 μήῖῶ

341 4199 396 4256 οὔτ’
417 4211 449 4259 ὲκ
468 4206 574 4271 φθορᾶς
598 4199 659 4254 οὔτε
681 4202 886 4268 φθαρήσομένη.
911 4200 945 4253 de
968 4200 1055 4253 decal.
1075 4200 1099 4253 11
1119 4199 1169 4252 198
1185 4196 1236 4266 ῆδε
1261 4198 1397 4268 (ἑβδομὰς)
1414 4190 1457 4264 γάρ
1471 4195 1510 4242 ἐπ’

339 4289 356 4359 ή
377 4294 404 4342 έν
423 4285 545 4358 ἀριθμοῖς
562 4291 703 4356 παρθένος,
722 4285 739 4355 ῆ
760 4283 869 4355 ἀμήτωρ
888 4286 971 4353 φῶσις,
990 4285 1007 4354 ή
1028 4287 1142 4354 μονάδος
1160 4285 1311 4352 οίκειοτάτή
1330 4289 1378 4338 καί
1395 4281 1477 4351 ἀρχῆς·
1492 4273 1510 4322 de

340 4382 464 4445 septenn.
482 4378 507 4430 ΙΙ
525 4378 574 4431 181
595 4417 600 4430 .
621 4418 627 4430 .
647 4372 689 4443 .ή
713 4369 748 4426 δι’
769 4377 797 4436 ἓξ
814 4371 920 4442 ήμερῶν
945 4374 1003 4439 ίερά
1028 4373 1142 4441 ἑβδόμη·
1164 4372 1198 4440 ῆν
1221 4377 1247 4424 οἱ
1265 4375 1311 4438 μέν
1330 4367 1458 4439 ὠνόμασαν
1470 4375 1508 4422 πεί

339 4468 416 4517 θένον
436 4470 471 4530 εἰς
488 4466 536 4534 τήν
553 4463 771 4532 ὥπερβάλλουσαν
789 4459 894 4529 ἀγνείαν
913 4456 1050 4525 ἀπιδόντες
1069 4455 1160 4528 αὐτῆς,
1179 4464 1204 4512 οἱ
1222 4455 1247 4510 δ’
1264 4455 1339 4512 αῶτοί
1355 4463 1402 4511 καί
1418 4447 1509 4522 ἀμήτίίέ

340 4541 482 4618 σπαρεῖσαν
500 4555 532 4604 ἐκ
552 4552 631 4619 μόνου
650 4552 698 4604 ταῶ
717 4548 817 4615 πατρὸς
834 4551 886 4601 τῶν
904 4548 981 4611 ὅλων,
1002 4552 1073 4602 ἰδέαν
1090 4550 1138 4616 τῆς
1161 4546 1273 4614 ἄρρενος
1295 4546 1396 4614 γενεᾶς,
1417 4540 1509 4609 άμέτίίίν

339 4641 388 4706 τῆς
405 4640 471 4706 πρὸς
488 4640 632 4707 γυναικῶν·
655 4634 840 4705 ἀνδρειότατος
862 4636 914 4704 γάρ
936 4639 985 4688 καί
1001 4628 1187 4703 ἀλκιμώτατος
1204 4633 1219 4686 ό
1238 4629 1361 4701 ἀριθμός,
1380 4631 1408 4686 εῶ
1423 4617 1508 4692 aevum

338 4726 404 4790 πρὸς
427 4721 514 4792 ἀρχήν
534 4731 581 4778 καί
603 4725 752 4792 ήγεμονίαν.
