3092 5236
569 411 609 480 67

13 619 28 700 εξ
58 616 129 690 όλυν
169 621 273 711 ἐπάγη
312 626 367 689 καὶ
404 623 535 711 συνέστη
574 631 635 692 τῶν
671 627 785 713 μερῶν·
826 624 883 690 εἰσὶ
915 623 975 710 γὰρ
1009 621 1039 688 οῖ
1073 617 1197 701 πλείους

13 729 250 824 ιπολαμβάνοντες
290 737 365 803 εἶναι
398 736 549 824 κόσμους,
584 737 614 802 οἱ
645 738 680 802 δέ
714 739 768 803 καὶ
796 735 957 823 ἀπείρους,
994 735 1115 821 ἄπειροι
1143 736 1197 801 καὶ

13 843 220 935 ἰνεπιστήμονες
243 846 329 915 αὐτοὶ
350 848 427 935 πρός
449 847 604 935 ἀλήθειαν
620 848 704 927 ὄντες
726 848 768 915 ὧν
782 847 880 915 καλόν
903 847 1074 934 ἐπιστήμην
1096 849 1195 933 ἔχειν·

13 957 116 1044 ιέμπτον
146 954 177 1025 δ’
202 959 248 1027 ότι
274 964 329 1025 καὶ
355 971 484 1047 προνοεῖ
509 968 564 1027 τοῦ
592 960 712 1049 κόσμου
740 955 757 1026 ό
778 959 869 1039 θεός·
899 960 1114 1048 ἐπιμελεῖσθαι
1135 957 1196 1047 γάρ

13 1067 40 1132 iel
53 1070 82 1136 τό
99 1072 272 1158 πεποιηκός
289 1073 343 1138 τοῦ
353 1073 521 1162 γενομένου
540 1070 662 1158 φύσεως
679 1071 782 1159 νόμοις
797 1075 852 1137 καὶ
870 1073 1000 1160 θεσμοῖς
1017 1071 1196 1160 ἀναγκαῖον,
1240 1078 1265 1124 δ’

13 1182 92 1261 ιαθιός
126 1188 182 1249 καὶ
218 1194 317 1271 γονεῖς
353 1184 469 1253 τέκνων
507 1184 511 1271 Ι
552 1186 798 1272 προμηθοῦνται.
851 1179 893 1251 ‘0
936 1184 976 1271 δὴ
1018 1187 1115 1251 ταῦτα
1153 1186 1196 1274 μή
1215 1206 1242 1258 p.
1252 1187 1331 1242 M

13 1285 70 1381 ἱκοῇ
94 1296 213 1384 μᾶλλον
240 1296 261 1382 η’
290 1297 410 1384 διανοίᾳ
438 1298 614 1384 προμαθών
641 1300 696 1362 καὶ
723 1299 755 1365 ἐν
781 1301 820 1384 τῇ
843 1295 939 1364 αὑτοῦ
959 1287 1047 1386 ψυχη
1070 1320 1198 1386 σφραγι-

13 1405 113 1492 ιάμενος
135 1408 299 1497 θαυμάσια
322 1412 377 1474 καὶ
396 1408 599 1497 περιμάχητα
621 1411 700 1496 εἴδη,
724 1407 770 1474 ότι
791 1411 855 1475 ἔστι
883 1412 937 1474 καὶ
963 1407 1098 1496 ὑπάρχει
1124 1409 1200 1489 θεός

13 1521 45 1583 ιοὶ
68 1515 110 1585 ότι
145 1523 187 1600 εἷς
216 1519 233 1586 ό
267 1520 309 1589 ὤν
342 1521 435 1600 όντως
464 1521 533 1587 ’ἐστὶ
564 1524 620 1586 καὶ
651 1520 697 1587 ότι
729 1522 885 1607 πεποίηκε
917 1521 969 1588 τόν
997 1521 1115 1609 κόσμον
1147 1525 1202 1587 καὶ

13 1633 155 1720 τεποίηκεν
183 1635 252 1718 ἕνα,
282 1626 323 1711 ὥς
352 1633 492 1720 ἐλέχθη,
520 1632 604 1698 κατὰ
630 1631 688 1719 τήν
720 1632 851 1721 μόνωσιν
885 1631 1073 1720 ἐξομοιώσας
1100 1634 1201 1720 ἑαυτῷ
1222 1640 1257 1686 1⁰
1292 1635 1295 1640 ’

13 1745 45 1806 ιαῐ
68 1739 110 1811 ότι
139 1737 188 1810 ἀεὶ
214 1755 343 1831 προνοεῖ
365 1747 420 1810 τοῦ
448 1744 628 1832 γεγονότος,
658 1739 815 1832 μακαρίαν
842 1748 897 1811 καὶ
923 1744 1090 1834 εὐδαίμονα
1117 1744 1202 1833 ζωὴν

13 1853 129 1922 Ιιάσεται
151 1855 301 1945 δόγμασιν
324 1851 483 1946 εὐσεβείας
504 1861 559 1923 καὶ
581 1855 740 1944 όσιότητος
762 1858 951 1945 χαραχθείς.

74 2101 89 2153 β
101 2098 279 2167 ὑπολαβόντες
291 2098 334 2166 Μ,
346 2099 601 2167 παραλαμβάνοντες
613 2099 702 2167 Mang.
757 2103 843 2152 εἶναι
860 2098 1007 2166 κόσμους
1019 2098 1069 2154 M:
1085 2099 1203 2168 κόσμους

13 2187 55 2237 έναι
68 2185 145 2240 ceteri
213 2181 292 2240 5άεί
310 2203 363 2241 om.
382 2203 405 2242 a
461 2191 642 2255 γενομένου
662 2184 771 2242 MFa:
790 2190 1001 2255 πεποιημένουό
1067 2189 1203 2256 όπρομη-

13 2272 339 2343 οὖνται]προνοοόνταιΜ
388 2273 433 2342 δὴ]
447 2269 472 2326 δ’
488 2277 510 2326 εἰ
520 2272 561 2337 Μ,
575 2277 605 2327 δέ
615 2275 706 2341 Mang.
755 2273 789 2341 μη
803 2272 937 2328 ταῦταΜ
982 2272 1203 2337 stamme,

13 2353 71 2411 ,ιἰτοῦ
82 2366 111 2427 b,
124 2357 204 2414 αὐτοῦ
224 2377 292 2414 corr.
306 2377 340 2414 ex
353 2357 435 2414 αότοό
454 2357 492 2413 Μ
557 2362 575 2413 8
593 2360 661 2430 εἴδη]
681 2360 756 2424 εἰδώς
773 2358 805 2413 D
874 2359 925 2413 ὅτι
943 2363 1012 2413 έστι
1030 2361 1145 2430 scripsi:
1164 2360 1205 2413 ότι

13 2447 95 2499 έέστι
112 2465 143 2510 α,
168 2447 208 2500 ὅτι
229 2451 259 2500 τέ
283 2450 337 2500 έστι
354 2451 383 2513 b,
405 2450 452 2499 καί
475 2445 517 2499 ὅτι
539 2450 593 2500 ἔστι
609 2446 646 2501 Μ
717 2446 788 2502 9ὤν
806 2463 859 2502 om.
879 2444 916 2501 M
988 2448 1018 2501 11
1039 2443 1082 2500 άεί
1100 2465 1153 2502 om.
1172 2446 1208 2501 M

29 2527 175 2602 εὐδαίμονα]
195 2529 348 2601 εὐσχήμονα
366 2532 403 2587 M
471 2535 503 2587 12
521 2531 699 2604 ὁσιότητος
717 2533 754 2588 M
769 2534 850 2601 (coni.
873 2534 1048 2604 Markland):
1066 2536 1206 2603 θειότητος

13 2616 78 2684 εἰσείς
96 2637 120 2672 v.
139 2637 198 2689 sup.
217 2637 243 2688 p.
261 2620 341 2686 59,14
401 2623 550 2688 χαραχθείς
569 2619 606 2675 Μ
609 2627 629 2677 b
647 2642 653 2674 ι
672 2623 856 2692 χαραχθεῖσαν
873 2619 960 2688 ABG,
978 2624 1158 2692 χαραχθῆσαν
1175 2620 1208 2675 D

13 2849 186 2914 υνεπληρσῦτο
209 2849 324 2913 μέρεσιν·
348 2845 416 2898 ὥστε
438 2848 471 2897 έκ
493 2847 544 2913 γῆς
566 2843 674 2913 ἀπάσης
697 2849 744 2899 καί
761 2845 869 2910 παντὸς
882 2845 979 2910 ὕδατος
996 2850 1044 2898 καῖ
1062 2841 1142 2913 ἀέρος
1159 2850 1207 2899 καῖ

13 2933 82 2998 ιυρός,
100 2933 213 3002 μηδενός
231 2936 282 2996 έξυ
302 2935 369 3000 μηδὲ
386 2932 433 2985 τοῦ
448 2933 614 3000 βραχυτάτου
627 2935 862 2998 καταλειφθέντος,
875 2937 984 3000 συνέστη
998 2932 1046 2984 ὅδε
1064 2930 1079 2985 ὁ
1097 2933 1206 3000 κόσμος.

27 3020 95 3074 4de
107 3037 181 3089 spec.
194 3021 246 3089 leg.
259 3021 284 3074 11
296 3021 345 3074 331
430 3023 478 3073 καῖ
496 3018 532 3086 ὡς
550 3018 564 3073 ό
583 3020 711 3088 γεννήσας
729 3020 818 3088 πατὴρ
836 3020 907 3088 νόμῳ
926 3020 1029 3086 φάσεως
1047 3023 1207 3087 ἐπιμελεῖται

13 3109 39 3158 οὔ
56 3113 204 3175 γενομένου,
222 3107 416 3176 προνοούμενος
433 3111 481 3160 καῖ
498 3110 545 3160 τοῦ
563 3107 628 3160 ὅλου
649 3111 696 3160 καέ
713 3109 763 3159 τῶν
782 3110 875 3174 μερῶν.
