3142 5238
1312 384 1340 446 V

115 571 248 635 Abrah.
271 571 301 634 Π
325 571 361 634 11
388 567 522 653 (Mang.)
545 566 596 634 τόν
619 567 736 654 κόσμον
765 567 857 634 αύτόν
883 562 1040 656 ὑπέλαβον
1068 571 1144 636 εἰναι
1171 569 1258 654 θεόν,
1282 569 1341 635 οῦκ

115 679 244 766 εύαγῶς
276 680 311 744 τό
344 678 510 766 γενόμενον
546 678 793 765 έφομοιύσαντες
828 687 871 765 τῷ
907 679 1101 767 πεποιηκότι.
1140 682 1340 748 adiectivum

115 791 253 876 ἄναγνος
276 793 364 873 apud
394 792 573 856 Philonem
601 791 722 874 legitur
750 794 792 857 de
815 793 926 858 sacrif.
948 795 1034 858 Abel
1057 798 1090 858 et
1113 793 1209 858 Caini
1231 795 1245 858 l
1269 796 1339 858 190.

207 921 258 998 5,5
281 918 515 1004 συνέστηκεν
537 918 576 984 V:
599 913 774 1004 ὑφέστηκεν
796 921 895 985 lectio
911 923 1053 1004 vulgata.
1078 941 1179 988 causa
1202 942 1340 1005 corrup·

115 1033 209 1098 telae
232 1031 294 1096 fuit
317 1032 407 1114 quod
428 1031 602 1113 praecedit
623 1033 763 1098 verbum
785 1025 935 1097 ὑπονοεῖν.

207 1162 280 1238 8,19
301 1159 369 1244 την
392 1152 423 1222 δ’
448 1158 617 1245 ἄβυσσον
640 1159 734 1244 V(et
755 1159 901 1246 Brocchi:
924 1159 959 1224 τό
983 1153 1013 1223 δ’
1038 1154 1174 1246 ἄβυσσον
1196 1161 1337 1244 vulgata.

117 1273 209 1336 sicut
230 1271 325 1335 brevi
348 1275 425 1335 ante
447 1272 546 1335 Philo
571 1271 707 1355 scripsit
727 1271 769 1335 τό
792 1273 847 1357 μέν
870 1270 1044 1358 έπεφηρισε
1060 1270 1182 1354 σκότος,
1205 1273 1252 1337 ita
1274 1274 1339 1337 hoc

113 1385 196 1447 loco
230 1379 287 1466 την
320 1379 352 1444 δ’
382 1381 534 1468 ἄβυσσον;
571 1403 650 1447 nam
677 1384 766 1465 apud
793 1384 883 1448 hunc
912 1385 1112 1465 scriptorem
1140 1385 1230 1449 haud
1262 1404 1339 1448 raro

114 1513 310 1577 pronomen
332 1494 509 1558 relativum
531 1498 565 1559 et
587 1494 888 1559 demonstrativum
911 1495 1065 1576 congruit
1088 1515 1164 1559 cum
1187 1515 1227 1560 eo
1251 1495 1340 1578 quod

116 1605 273 1688 sequitur
295 1606 506 1670 substantivo
528 1606 757 1688 praedicativo
781 1606 823 1690 (r.
846 1605 935 1670 infra
957 1626 1027 1687 cap.
1050 1605 1100 1685 Il).

207 1740 288 1827 9,5s6
304 1742 340 1805 in
357 1742 560 1807 editionibus
577 1744 660 1807 haec
674 1744 844 1824 leguntur:
867 1740 919 1807 τόν
943 1740 972 1805 δ’
997 1740 1131 1826 ἀόρατον
1153 1743 1208 1805 καὶ
1229 1743 1341 1827 νοητόν

115 1853 208 1918 θεῖον
229 1851 324 1938 λόγον
350 1855 405 1917 καὶ
431 1853 510 1917 θεοῦ
538 1851 633 1939 λόγον
655 1852 761 1918 εἰκόνα
788 1853 873 1939 λέγει
895 1854 990 1918 θεοῦ·
1020 1855 1076 1917 καί
1097 1851 1212 1938 ταύτης
1234 1852 1341 1919 εἰκόνα

115 1963 154 2028 τό
178 1963 288 2049 νοητόν
309 1966 374 2048 pag
397 1965 507 2047 έκεῖνο,
538 1962 554 2028 ὃ
577 1965 667 2028 θείου
694 1964 790 2050 λόγου
817 1965 944 2051 γέγονεν
973 1963 1064 2030 εἰκιύν
1086 1971 1141 2029 τοῦ
1164 1964 1341 2051 διερμηνεύ-

114 2096 230 2152 σαντος
250 2074 306 2160 την
327 2075 445 2161 γένεσιν
460 2073 563 2141 αὑτοῦ.
588 2077 705 2142 eadem
721 2077 887 2142 extantia
911 2077 1082 2142 codicibus
1106 2076 1259 2161 (excepto
1284 2075 1339 2161 V),

117 2188 189 2251 nisi
212 2187 301 2269 quod
323 2189 426 2251 verba
448 2187 503 2249 καὶ
524 2186 603 2250 θεοῦ
625 2187 719 2272 λόγον
742 2191 783 2253 ab
808 2189 935 2271 aliquot
957 2189 1051 2253 libris
1075 2190 1199 2252 absunt
1222 2192 1255 2252 et
1277 2209 1339 2270 pro

116 2297 235 2382 ταύτης
269 2297 374 2362 εἰκόνα
407 2299 443 2362 in
477 2299 678 2381 quibusdam
707 2301 869 2382 scriptum
903 2297 1100 2383 οεέταύτης
1127 2305 1183 2382 τῆς
1212 2298 1339 2375 εἰκόνος.

115 2411 298 2475 Philonem
327 2411 410 2474 haec
437 2410 484 2475 ita
512 2431 582 2475 non
611 2411 790 2493 scripsisse
814 2412 910 2476 facile
933 2415 1088 2493 apparet;
1118 2411 1340 2493 nequeenim

116 2523 324 2603 intellegitur
352 2521 537 2604 quomode,
566 2542 640 2587 cum
664 2523 705 2586 de
732 2524 805 2588 luce
834 2523 1043 2605 intellegibili
1072 2527 1204 2606 agatur,
1229 2523 1339 2587 subito

117 2637 273 2698 transeat
296 2633 403 2697 oratio
428 2633 632 2697 adverbum
655 2633 805 2698 divinum
828 2638 927 2717 atque
956 2635 1021 2699 hoc
1051 2635 1180 2699 dicatur
1207 2625 1341 2717 ἀόρατον

116 2746 176 2808 καί
197 2741 319 2828 νοητόν,
343 2745 462 2827 quibus
485 2745 657 2809 vocabulis
686 2745 795 2809 lucem
823 2747 875 2810 vel
903 2746 1066 2810 mundum
1088 2746 1341 2828 intellegibilem

118 2857 221 2921 Philo
238 2855 424 2938 significare
442 2857 537 2920 solet.
562 2856 683 2921 deinde
698 2857 786 2933 θεῖος
804 2854 898 2942 λόγος
913 2858 1048 2922 Philoni
1072 2878 1141 2922 non
1165 2857 1227 2922 luit
1249 2853 1341 2921 εἰκών

119 2967 212 3048 θεοῦ,
237 2968 297 3032 sed
324 2968 414 3032 idem
443 2967 512 3032 fere
542 2988 618 3032 cum
639 2969 720 3033 Deo.
743 2973 815 3033 tum
837 2989 917 3034 vero
940 2969 1124 3050 tautologia
1147 2988 1231 3051 quae
1255 2968 1341 3031 inest

122 3079 159 3142 in
181 3079 293 3143 verbis
316 3080 371 3141 καί
398 3076 512 3162 ταύτης
541 3078 646 3142 εἰκόνα
674 3078 709 3143 τό
737 3078 848 3164 νοητόν
870 3086 935 3164 φῶς
958 3080 1068 3161 έκεῖνο,
1092 3077 1109 3142 ό
1132 3079 1221 3143 θείου
1243 3077 1340 3164 λόγου

118 3189 249 3274 γέγονεν
272 3187 364 3254 εἰκών
386 3190 466 3254 ferri
489 3191 581 3255 nullo
604 3191 706 3255 modo
728 3195 851 3274 potest.
875 3185 1044 3274 glossema
1068 3193 1253 3273 scripturae
1268 3192 1340 3255 vul-

118 3304 218 3384 gatae
247 3302 386 3366 subesse
414 3302 649 3366 demonstrant
683 3303 789 3367 codex
816 3302 847 3365 V
875 3308 908 3368 et
936 3303 1101 3368 Eusebius
1131 3307 1164 3368 et
1194 3304 1339 3367 loannes

117 3415 366 3492 Damascenm,
397 3413 453 3495 qui
480 3413 563 3477 haec
590 3414 741 3477 tradunt:
770 3411 805 3477 τό
834 3412 864 3476 δ’
894 3406 1027 3498 ἀόρατον
1053 3417 1108 3478 καὶ
1135 3413 1246 3499 νοητόν
1273 3414 1339 3497 ιρῦς

120 3523 223 3586 έκεῖνο
245 3523 335 3586 θείου
362 3522 458 3608 λόγου
486 3523 613 3608 γέγονεν
636 3523 728 3590 εἰκών
754 3531 808 3588 τοῦ
837 3524 1111 3610 διερμηνεύσαντος
1138 3523 1194 3610 τήν
1222 3525 1340 3610 γένεσιν

121 3633 234 3716 αὑτοῦ,
269 3635 405 3717 reliquis
439 3635 593 3700 omissis.
628 3637 712 3700 haec
744 3637 846 3718 plana
875 3640 953 3702 sunt
981 3640 1014 3702 et
1041 3637 1229 3702 sententiae
1259 3657 1339 3701 con-

118 3746 275 3810 cinnitati
296 3747 383 3810 bene
406 3745 668 3810 accommodata.

210 3875 304 3952 lull
326 3871 577 3959 ἀνεχώρησεν
596 3874 680 3960 V(et
694 3873 838 3960 Eusebi:
861 3869 1066 3960 ὑπεχώρησεν
1081 3877 1224 3958 vulgata.
1240 3898 1337 3959 prae·

117 3986 209 4050 cedit
230 3976 392 4069 ὑπεξέστη.

208 4114 275 4190 191
302 4109 431 4197 ὀνόματ’
449 4106 551 4190 αὑτοῖς
574 4113 728 4178 έτίθετο
752 4113 791 4177 V:
815 4112 942 4200 ὀνόματ’
960 4111 1063 4192 αὐτοῖς
1078 4115 1174 4179 ἐτίθει
1195 4117 1337 4197 vulgata.

115 4224 217 4289 Philo
245 4224 445 4289 vocabulum
473 4219 571 4310 όνομα
599 4228 633 4290 et
662 4225 785 4290 similia
816 4245 892 4290 cum
919 4227 1022 4290 verbo
1050 4226 1161 4290 medio
1189 4225 1338 4289 rideatur

118 4335 325 4417 coniungere
342 4336 438 4414 solet,
455 4355 524 4400 non
541 4338 664 4401 activo:
689 4337 728 4401 cf.
746 4337 819 4415 57,6
834 4335 917 4414 τίνας
934 4334 1068 4421 θήσεται
1083 4335 1278 4422 προσρησεις.
1296 4338 1336 4401 de

117 4444 267 4511 Cherub.
289 4447 390 4511 1149.
414 4447 455 4510 de
477 4450 558 4510 mut.
582 4467 672 4511 nom.
688 4447 702 4510 Ι
717 4449 789 4512 588.
814 4449 854 4512 de
874 4449 977 4512 decal.
1000 4449 1114 4512 11184.
1138 4449 1198 4529 frg.
1221 4448 1336 4512 11653.

206 4574 277 4652 mc
310 4573 410 4638 κατὰ
444 4573 617 4639 ἐναντίον
650 4573 763 4658 τρόπον
790 4574 829 4643 V:
863 4574 946 4644 κατὰ
978 4572 1031 4638 τόν
1058 4574 1191 4642 ἐναντίον
1223 4573 1336 4661 τρόπον

112 4685 259 4772 vulgata.
