3142 5238
1266 342 1320 405 VII
1345 385 1351 395 ·

90 537 190 602 πάλιν
213 538 248 600 δὲ
270 537 330 600 τῶν
353 529 472 600 ἀτελῶν
495 535 528 598 αί
549 536 591 612 είς
612 532 651 600 τά
678 532 832 619 λεγόμενα
859 531 1109 617 κατηγορήματα
1131 533 1186 596 καί
1208 529 1320 616 συμβε-

93 647 222 735 βηκότα
250 651 305 712 καί
333 646 392 712 όσα
420 646 536 712 τούτων
564 645 682 712 ἐλάττω
712 646 872 730 διαιρέσεις
899 653 1074 729 προσεχεῖς.
1125 645 1216 710 Sext.
1245 644 1318 707 adr.

92 762 258 826 mathem.
281 761 325 825 XI
348 760 387 824 15
409 759 497 823 πᾶσα
518 757 590 843 γάρ,
613 781 714 843 φασιν,
741 751 829 843 ὑγιὴς
858 757 1002 842 διαίρεσις
1023 757 1130 842 γένους
1153 757 1217 820 ἐστὶ
1231 750 1318 840 Ιτομη

93 871 140 947 εἰς
162 871 203 935 τά
223 871 367 955 προσεχῆ
391 871 469 954 εἴδη.
513 870 608 952 Diog.
631 871 687 935 La.
710 871 765 934 VH
788 870 825 933 61
852 867 996 952 διαίρεσις
1018 867 1053 932 δέ
1082 868 1145 932 ἐστι
1167 857 1318 949 γίνουςῆ

94 982 140 1057 εἰς
162 979 202 1045 τὰ
224 981 368 1065 προσεχῆ
391 981 459 1064 είδη
481 979 573 1065 τομή.

185 1119 259 1195 333
289 1109 363 1202 μήτ’
387 1114 546 1200 ἀφροσύνη
574 1118 629 1180 καί
657 1114 755 1180 δειλία
783 1117 839 1179 καὶ
868 1113 973 1179 ἀδικία
1001 1112 1112 1180 καὶτὸ
1134 1114 1194 1179 τῶν
1216 1109 1320 1178 ἀλλων

95 1228 249 1292 κακιῶν
272 1221 437 1313 ἀμήχανον
459 1227 584 1311 πλῆθος
607 1225 645 1293 V:
668 1226 777 1291 κακῶν
799 1229 942 1310 vulgata.

186 1365 280 1444 29‚13
304 1365 406 1428 ceteri
430 1364 563 1428 codices
579 1364 675 1428 valde
697 1365 845 1446 corrupti
867 1368 960 1429 sunt:
983 1361 1099 1428 ἔστιδ’
1123 1360 1321 1448 ἠδικηκότων

94 1473 271 1560 ἀναγκαῖον
299 1473 502 1559 δυσπόριστον
530 1476 597 1554 alii,
620 1477 684 1540 ἔστι
707 1473 736 1538 δ’
760 1473 958 1559 ἠδικηκότων
987 1477 1029 1552 εἰς
1050 1474 1179 1539 κόλασιν
1200 1472 1241 1538 τὰ
1261 1479 1321 1538 τῶν

95 1585 280 1671 ἀναγκαίων
309 1583 497 1670 δυσπόριστα
527 1588 593 1666 alii,
622 1588 686 1650 ἔστι
715 1585 790 1671 δή
821 1587 892 1672 δίκη
921 1609 964 1664 τις
992 1587 1053 1652 τῶν
1080 1584 1259 1670 ἀναγκαίων
1286 1581 1321 1648 τό

97 1694 305 1783 δυσπόριστον
326 1693 504 1762 MediceuS.
528 1718 549 1762 a
569 1718 649 1762 vero
672 1719 778 1780 prope
801 1701 897 1763 abest
919 1699 1097 1776 MediceuS‚
1128 1698 1188 1762 sed
1209 1697 1321 1760 incor-

95 1814 234 1892 ruptam
262 1809 442 1873 lectionem
469 1810 611 1890 praebet
640 1809 746 1873 codex
774 1807 812 1874 V:
847 1810 930 1872 ἔστι
957 1806 986 1873 δ’
1015 1807 1036 1893 ἡ
1064 1808 1154 1892 δίκη
1183 1805 1224 1872 τό
1251 1807 1322 1872 τῶν

96 1919 322 2004 ἀναγκαίων
344 1917 611 2003 δυσπόριστον.

187 2058 280 2136 3331
305 2053 350 2140 δη
374 2054 413 2120 V:
436 2056 634 2138 divulgata.
659 2053 698 2140 δή
716 2057 958 2122 sententiarum
980 2076 1110 2122 conexu
1133 2056 1321 2138 requiritur.

187 2167 402 2249 Quantopere
426 2169 532 2232 codex
554 2166 744 2233 Vbonitate
767 2173 799 2232 et
816 2169 1005 2250 integritate
1029 2169 1150 2233 ceteris
1172 2170 1323 2249 praestet

95 2280 154 2344 his
163 2279 325 2360 exemplis
340 2279 422 2343 satis
435 2279 662 2344 demonstrari
676 2280 807 2362 opinor.
820 2281 933 2362 itaque
945 2299 1013 2343 non
1027 2280 1165 2343 dubium
1178 2282 1230 2342 est
1242 2279 1322 2360 quin

97 2391 174 2455 eius
188 2391 404 2472 potissimum
419 2391 653 2455 auctoritatem
667 2411 847 2474 sequamur
860 2395 1014 2474 oporteat
1029 2392 1064 2455 in
1077 2391 1152 2456 libri
1166 2391 1321 2456 Philonei

96 2507 197 2584 parte
220 2502 343 2584 priore,
367 2521 451 2584 quae
475 2501 601 2565 infelici
625 2522 705 2567 casu
728 2504 770 2567 ab
794 2523 833 2568 eo
858 2503 931 2568 sola
954 2507 1086 2568 servata
1108 2506 1169 2568 est.

189 2761 218 2824 3.
262 2761 293 2823 Α
308 2759 423 2825 codice
446 2757 477 2821 V
487 2780 561 2824 cum
576 2763 741 2823 vetustate
757 2763 828 2822 tum
846 2759 1045 2824 auctoritate
1060 2757 1212 2840 proxime
1228 2759 1324 2823 abest

100 2871 234 2936 codex
272 2872 808 2937 Mediceo-Laurentianus
845 2872 942 2953 plut.
976 2872 1006 2935 X
1044 2871 1126 2935 cod.
1165 2873 1206 2935 30
1243 2869 1380 2954 (M)‚M

100 2983 394 3062 membranaceuS,
418 2984 526 3047 forma
542 3003 641 3065 quam
655 2988 777 3047 vocant
800 2982 1007 3060 duodecima,
1030 2983 1166 3046 ineunte
1190 2983 1323 3046 saeculo

99 3093 176 3157 XIII
198 3093 318 3157 litteris
335 3094 473 3158 minutis
490 3098 656 3159 exaratus.
681 3094 851 3175 specimen
868 3093 1052 3174 scripturae
1075 3093 1174 3156 huius
1198 3092 1324 3156 codicis

102 3203 211 3267 edidit
234 3203 477 3268 Constantinus
501 3204 731 3268 Tischendorf
753 3202 788 3266 in
810 3203 924 3267 tabula
950 3203 1215 3284 photographica
1237 3204 1323 3266 libro

72 3312 75 3318 ’
102 3314 162 3397 qui
191 3314 386 3377 inscribitur
412 3314 578 3378 Philonea
606 3315 708 3397 (LipS.
734 3315 828 3396 1868)
852 3313 991 3378 adiecta.
1021 3314 1056 3376 in
1082 3315 1205 3395 pagina
1231 3317 1324 3395 tegu-

101 3425 211 3490 menti
240 3424 401 3489 interiore
429 3426 513 3490 haec
540 3428 643 3490 verba
670 3427 838 3506 leguntur:
872 3422 911 3488 A.
942 3422 1092 3488 Cocchins
1123 3423 1326 3508 Moqeliouuo

101 3533 225 3600 coartati
252 3543 299 3598 αθ.
328 3531 619 3598 MDOCXXXIII
644 3556 715 3599 cum
742 3533 917 3620 ιἰιιρίνοοο)ί
952 3533 1102 3599 Τιιακοόί.
1127 3536 1267 3600 contulit
1289 3536 1324 3599 in

101 3667 204 3711 usum
236 3644 379 3726 Mangeii
414 3645 455 3730 (v.
484 3645 593 3729 infra).
628 3647 663 3710 in
691 3648 798 3711 altera
824 3646 947 3728 pagina
975 3647 1047 3710 folii
1075 3647 1212 3712 alterius
1242 3647 1324 3710 haec

103 3757 233 3838 scripta
249 3760 340 3820 sunt:
362 3749 384 3841 ἡ
408 3755 513 3842 βίβλος
535 3755 614 3841 αὕτη
637 3757 691 3821 τοῦ
714 3757 911 3841 φραγκίσκοο
934 3756 1084 3840 φιλὲλιρου
1107 3756 1197 3822 ἐστίν.
1220 3757 1325 3822 textui

102 3868 260 3932 Philonis
283 3867 448 3948 praefixus
473 3871 525 3932 est
551 3867 641 3946 πίναξ
669 3873 729 3932 τῶν
756 3867 973 3953 ἐμφερομένων
999 3868 1037 3952 τῇ
1060 3866 1204 3954 παροόση
1228 3868 1325 3954 βίβλῳ

102 3977 207 4063 λόγων
224 3982 279 4041 τοῦ
297 3977 423 4062 ἐβραίου
441 3977 580 4061 φίλωνος.
599 3983 714 4044 extant
730 3979 765 4042 in
781 3981 845 4044 hoc
864 3980 979 4044 codIce
994 3980 1111 4062 viginti
1130 4001 1188 4044 sex
1202 3982 1326 4062 scripta

102 4089 270 4167 Philonis,
299 4090 334 4152 in
363 4090 417 4153 his
445 4090 643 4173 opusculum
666 4091 707 4154 de
731 4090 861 4171 opificio
885 4091 1001 4154 mundi
1023 4090 1079 4154 fol.
1106 4082 1326 4155 136ί--154ν

105 4201 158 4284 (cf.
190 4200 351 4279 Bandini‚
388 4200 492 4265 Catal.
527 4203 623 4266 codd.
657 4222 765 4283 graec.
799 4201 879 4266 bibl.
913 4203 1009 4265 Lanr.
1037 4202 1050 4264 Ι
1076 4227 1108 4283 p.
1137 4204 1199 4266 487
1229 4200 1325 4286 τηεμ).

103 4313 227 4376 lacuna
264 4311 371 4375 maior
409 4311 480 4375 hiat
516 4311 604 4376 inter
641 4313 752 4394 capita
788 4314 828 4375 33
864 4315 897 4375 et
929 4314 985 4377 34:
1020 4312 1134 4376 omisit
1169 4313 1326 4378 librarius

105 4424 164 4487 t'oI.
190 4422 271 4486 tior
294 4422 386 4486 nullo
411 4423 506 4504 signo
529 4424 669 4487 lacunae
692 4423 806 4488 addito
831 4423 946 4488 omnia
972 4424 1050 4487 inde
1073 4444 1093 4487 a
1114 4425 1226 4488 verbis
1250 4416 1326 4487 ὥστ’

106 4531 263 4616 ἐξαίρετον
285 4533 352 4617 ἔχει
373 4530 467 4617 λόγον
488 4553 595 4615 usque
617 4535 660 4597 ad
675 4535 777 4598 verba
799 4532 915 4599 τέλειον
937 4535 991 4596 καὶ
1012 4542 1074 4609 τοῖς
1089 4527 1183 4598 αὑτοῦ
1207 4534 1328 4621 μέρεσιν

105 4642 267 4729 ἰσούμενον
290 4643 333 4726 (p.
358 4643 612 4728 36,4-37,12);
642 4665 726 4726 quae
753 4645 873 4708 lacuna
900 4645 1069 4726 quomodo
1097 4649 1171 4710 orta
1200 4647 1244 4709 sit
1271 4666 1328 4709 ex·
