3092 5236
922 363 963 430 50

837 455 1038 468 *ι’-

335 573 469 662 μαστούς
501 573 803 664 προευτρεπισαμένη
836 575 953 665 τροφὰς
984 583 1027 664 τῷ
1059 575 1272 664 γενησομένῳ·
1306 574 1408 663 μη’τηρ
1439 568 1517 650 δ’ύς

335 690 419 755 ἐοικε
445 691 500 754 καὶ
527 688 548 775 η
576 691 629 776 γῆ,
656 687 734 776 παρ’
766 687 782 754 ό
810 691 953 767 καὶτοῖς
979 688 1111 774 πρώτοις
1132 688 1236 768 ἔδοξεν
1258 684 1355 774 ταύτην
1377 686 1518 773 Δήμητραν

201 800 315 866 ω3ἐΜ·
334 800 467 867 καλέσαι
488 799 523 867 τὸ
546 799 662 888 μητρὸς
682 804 737 866 καί
757 803 816 888 γῆς
838 801 935 888 ὄνομα
958 802 1127 868 συνθεῖσιν·
1151 793 1188 865 ού
1219 801 1222 887 ί
1252 799 1314 886 γὰρ
1335 801 1378 887 γῆ
1399 807 1516 885 γυναῖκα,

334 906 375 991 ῶς
397 915 464 980 είπε
485 912 626 997 Πλάτων,
649 912 731 979 ἀλλά
753 913 829 1000 γυνη
852 921 912 1000 γῆν
934 915 1111 999 μεμίμηται,
1127 911 1166 998 ἢν
1189 911 1305 999 ἐτύμως
1327 909 1362 976 τό
1384 906 1517 994 ποιητικόν

299 1043 313 1087 5
333 1024 421 1111 γένος
448 1024 639 1111 παμμητορα
667 1027 722 1090 καί
748 1023 949 1111 καρποφόρον
976 1027 1031 1089 καὶ
1052 1023 1217 1110 πανδώραν
1240 1023 1352 1088 εἴωθεν
1374 1018 1517 1108 όνομάζειν.

335 1135 441 1223 ἐπειδη
468 1136 589 1205 πάντων
617 1137 699 1202 αἰτία
726 1135 876 1223 γενέσεως
902 1139 957 1202 καί
984 1139 1131 1223 διαμονῆς
1157 1135 1244 1223 ζώων
1266 1129 1345 1221 ὁμοῦ
1366 1137 1420 1198 καί
1441 1138 1518 1217 φυτῶν

334 1249 422 1314 ἐστιν.
446 1248 571 1326 εἰκότως
593 1246 646 1316 οῦν
673 1251 728 1313 καὶ
755 1249 797 1334 γη”
825 1250 864 1335 τῇ
892 1249 1090 1336 πρεσβυτάτη
1112 1250 1167 1314 καί
1188 1245 1382 1334 γονιμωτάτῃ
1405 1244 1519 1332 μητέρων

334 1357 487 1427 ἀνέδωκεν
509 1353 530 1446 ἡ
553 1357 641 1444 φύσις
663 1360 713 1424 σία
735 1359 870 1446 μαστούς
890 1361 1037 1448 ποταμῶν
1059 1361 1172 1447 ῥεῖθρα
1199 1361 1253 1424 καί
1277 1364 1396 1446 πηγῶν,
1419 1358 1465 1422 ἵνα
1483 1357 1519 1419 καί

332 1471 371 1536 τὰ
392 1469 474 1556 φυτὰ
495 1466 617 1557 ἀρδοιτο
640 1473 694 1536 καί
715 1469 808 1538 ποτόν
829 1471 969 1557 ἄφθονον
990 1474 1060 1559 έχοι
1080 1471 1181 1538 πάντα
1202 1470 1242 1537 τά
1263 1471 1339 1557 ζῷα.

277 1613 312 1660 ¹⁰
418 1608 475 1676 46.
519 1607 607 1674 Μετά
629 1611 664 1674 δὲ
684 1609 782 1676 ταῦτά
803 1631 895 1695 φησιν
917 1603 962 1675 ότι
984 1609 1139 1695 ,ἔπλασεν
1161 1603 1178 1674 ὃ
1201 1607 1277 1686 θεὸς
1303 1607 1354 1674 τόν
1376 1603 1519 1692 ἄνθρωπον

332 1721 409 1804 χοῦν
436 1719 541 1808 λαβών
571 1717 634 1786 ἀπὸ
660 1729 716 1808 τῆς
741 1729 801 1808 γῆς
827 1724 882 1786 καί
909 1719 1096 1809 ἐνεφύσησεν
1125 1723 1167 1799 εἰς
1194 1720 1229 1787 τό
1257 1718 1423 1806 πρόσωπον
1449 1717 1520 1782 αὐτοῦ

331 1830 428 1917 πνοην
453 1832 566 1918 ζωῆςέέ.
595 1833 803 1920 ἐναργέστατα
829 1837 884 1899 καί
911 1834 961 1898 διά
989 1833 1098 1899 τούτου
1126 1833 1309 1920 παρίστησιν
1336 1825 1382 1896 δ’τι
1410 1828 1520 1915 διαφορὰ

330 1943 540 2031 παμμεγέθης
568 1946 631 2011 ἐστὶ
657 1952 711 2010 τοῦ
739 1968 773 2011 τε
801 1952 851 2014 νῦν
879 1945 1072 2024 κλασθέντος
1101 1943 1268 2030 ἀνθρώπου
1297 1945 1351 2009 καί
1378 1943 1433 2008 τοῦ
1458 1939 1520 2005 κατὰ

330 2055 387 2140 τὴν
425 2054 530 2122 εἰκόνα
567 2056 646 2122 θεοῦ
684 2056 847 2145 γεγονότος
883 2058 1048 2145 πρότερον·
1092 2055 1109 2122 ό
1148 2059 1202 2143 μέν
1239 2053 1301 2141 γαρ
1338 2053 1520 2126 διαπλασθείς

277 2178 312 2223 15
332 2166 482 2256 αἰσθητός
508 2167 571 2255 ἠδη
595 2169 734 2255 μετέχων
760 2169 931 2256 ποιότητος,
956 2171 994 2235 ἐκ
1016 2169 1158 2256 σώματος
1179 2169 1234 2234 καί
1256 2168 1361 2254 ψυχῆς
1382 2162 1519 2240 συνεστώς,

331 2277 410 2364 ἀνὴρ
432 2279 453 2364 ἥ
475 2279 563 2366 γυνη,
586 2279 675 2365 φύσει
697 2281 825 2367 θαητός·
849 2277 866 2347 ὁ
889 2285 924 2348 δέ
947 2283 1030 2350 κατὰ
1051 2284 1107 2369 την
1130 2281 1235 2349 εἰκόνα
1258 2281 1325 2346 ἰδέα
1346 2303 1391 2360 τις
1412 2280 1433 2366 ἢ
1454 2279 1521 2366 γένος

331 2387 353 2476 ἠ
381 2391 525 2476 σφραγίς,
558 2391 683 2477 νοητός,
717 2389 894 2479 ἀσώματος,
928 2391 995 2459 οὔτ’
1030 2389 1122 2480 ἀρρεν
1150 2393 1221 2460 οὔτε
1248 2393 1350 2480 θῆλυ,
1380 2385 1521 2477 ἄφθαρτος

331 2500 428 2586 φύσει.
456 2503 511 2567 τοῦ
540 2501 568 2567 δ’
593 2505 746 2590 αἰσθητοῦ
775 2507 829 2570 καί
858 2506 907 2571 ἐπί
935 2505 1045 2592 μέρους
1074 2504 1242 2592 ἀνθρώπου
1264 2503 1320 2591 την
1342 2499 1511 2585 κατασκευὴ

330 2612 479 2682 σύνθετον
512 2613 587 2682 είναί
613 2635 705 2702 φησιν
732 2617 770 2681 ἐκ
796 2639 830 2682 τε
857 2616 994 2703 γεώδους
1023 2616 1127 2696 ούσίας
1154 2620 1208 2683 καί
1236 2614 1410 2704 πνεύματος
1437 2616 1521 2680 θείου·

274 2739 308 2786 20
329 2726 520 2813 γεγενῆσθαι
552 2725 613 2813 γοίρ
645 2728 680 2792 τό
715 2730 769 2814 μέν
801 2729 892 2814 σῶμα
928 2730 1005 2816 χοῦν
1040 2727 1094 2794 τοῦ
1127 2728 1268 2815 τεχνίτου
1304 2727 1453 2815 λαβόντος
1484 2726 1522 2789 καὶ

330 2837 451 2925 μορφὴν
483 2837 680 2925 ἀνθρωπίνην
713 2839 746 2918 ἐξ
779 2837 873 2904 αύτοῦ
911 2839 1151 2924 διαπλάσαντος,
1189 2839 1245 2926 την
1278 2840 1313 2903 δὲ
1346 2839 1452 2925 ψυχὴν
1481 2832 1520 2900 ἀπ’

329 2949 452 3030 ούδενός
482 2959 614 3039 γενητοῦ
646 2953 681 3016 τὸ
711 2952 875 3039 παράπαν,
910 2946 984 3018 ἀλλ’
1015 2953 1053 3017 ἐκ
1078 2953 1132 3020 τοῦ
1165 2951 1281 3036 πατρὸς
1307 2952 1363 3015 καί
1389 2944 1522 3037 ἡγεμόνος

416 3227 428 3278 1
443 3227 696 3293 προευτρεπιζομένη
710 3243 733 3281 a
785 3230 821 3294 τῷ
839 3231 1047 3296 γενησομένῳ
1069 3224 1097 3290 0,
1110 3229 1146 3294 τῷ
1158 3229 1337 3295 γεννησαμένη)
1350 3221 1522 3280 MFABDE:

328 3314 379 3366 τῶν
400 3315 633 3380 γεννησαμένωνῠ
720 3308 842 3382 θαύτην
866 3329 918 3367 om.
938 3312 976 3366 M
1058 3314 1212 3382 Δημητεραν
1231 3311 1269 3366 Μ
1350 3307 1522 3382 ίιμεμίμητιιί

329 3407 442 3466 μιμεῖται
465 3397 502 3452 Μ
585 3397 696 3468 ἐτύμως]
719 3399 821 3468 ἐτύμως
843 3399 930 3464 ΗΙΚ,
955 3403 1064 3467 ἑτοίμως
1086 3398 1202 3465 FoDL,
1224 3398 1322 3468 ὁμοίως
1345 3399 1383 3454 Μ
1467 3414 1522 3462 ποιη-

327 3487 399 3539 τικόν
418 3486 492 3542 Mb:
511 3485 624 3553 ποιητῶν
643 3503 666 3542 a
684 3482 760 3556 (Μί)
835 3488 978 3558 ύδιαμονη
998 3486 1037 3542 Μ
1116 3487 1197 3540 7καί
1213 3489 1248 3555 γῇ
1269 3503 1321 3541 om.
1341 3486 1379 3541 M
1463 3487 1523 3539 801ss

328 3609 447 3676 μασθούς
465 3607 495 3661 D
581 3612 633 3661 ἵνα
655 3613 711 3662 καί
733 3608 785 3663 M:
803 3613 850 3663 καί
868 3625 922 3664 om.
940 3609 1017 3664 υσίονί
1105 3564 1198 3678 9ἐχύ]ι
1213 3607 1249 3674 Β,
1268 3611 1323 3675 ἐχει
1340 3607 1397 3664 Db
1418 3567 1523 3679 (ἐχέίίθ

364 3693 1115 3761 ῙθτὸνάνθρωπονΜΒετόνυυτοοόοιότίΙιΧΧ
1187 3693 1430 3762 11λαβῶνοω.1ί’
1490 3694 1524 3756 τῆς

329 3779 433 3835 οιυ.Μ
482 3781 702 3840 ίάδιάτοῦτοΙ)
756 3784 788 3836 13
800 3787 849 3856 καί
859 3787 1035 3852 παμμεγέθης
1048 3783 1089 3848 Μ,
1109 3785 1301 3851 παραμεγέθης
1319 3781 1350 3834 D
1406 3783 1440 3835 14
1452 3781 1523 3834 εἰκόνι

328 3871 374 3920 τοῦ
392 3867 457 3920 θεοῦ
476 3866 514 3920 Μ
569 3870 601 3922 15
620 3870 781 3938 αἰσθητός
797 3869 859 3939 ἤδη
873 3869 979 3927 Mra:
998 3869 1051 3940 ἤδη
1065 3870 1224 3938 αἰσθητόςῦ
1279 3870 1311 3922 16
1323 3869 1410 3922 verba
1429 3864 1523 3936 ἀνήρ’

329 3955 425 4023 θνητός
444 3971 497 4008 om.
510 3953 547 4007 Μ
613 3957 736 4024 θνητός
753 3955 825 4013 Fa:
844 3958 942 4026 θνητός
961 3956 1033 4012 ῶνῠ
1104 3958 1136 4011 17
1155 3951 1212 4008 οὔτ’
1232 3955 1313 4023 ἄρρεν
1331 3955 1461 4024 Mangey:
1479 3951 1523 4006 ώτι

328 4037 379 4110 γάρ
398 4041 477 4109 ἀρρεν
495 4040 536 4105 Μ,
556 4037 613 4094 οὔτ’
634 4042 718 4111 ἄρρην
730 4041 808 4097 σεύατ’
876 4041 1065 4111 ἄφθαρτονΜ
1132 4042 1164 4095 19
1183 4059 1261 4109 φασιν
1279 4041 1316 4096 Μ
1382 4045 1421 4094 ἐκ
1440 4059 1472 4094 τε
1488 4036 1523 4092 M:

328 4145 358 4181 τε
375 4146 429 4183 om.
446 4128 523 4182 ceteri
597 4130 631 4183 20
648 4131 823 4200 γεγεννῆσθαι
839 4128 867 4184 Β
937 4132 968 4184 ἀί
989 4131 1198 4194 διαπλασθέντος
1215 4128 1244 4183 Ε
1316 4129 1349 4182 w
1371 4130 1523 4198 γεννητοῦυ

362 4215 473 4286 πατρὸς]
491 4215 637 4283 πνεύματος
655 4216 690 4284 Α,
708 4219 754 4281 ιἰν“ς
771 4215 855 4271 BOD

328 4415 472 4484 γάλακτος,
490 4419 533 4470 ἵνα
550 4424 604 4480 τοῖς
622 4421 791 4486 γεννωμένοις
810 4417 909 4484 ἄρδωσι
925 4418 973 4482 τοὶς
992 4413 1143 4485 ἀναγκαίας
1164 4421 1211 4470 καί
1229 4414 1412 4484 ἁρμοττούσας
1431 4407 1523 4484 τροφός,

327 4504 373 4556 τόν
396 4500 475 4556 αὐτὸν
496 4503 593 4570 τρόπον
614 4508 661 4558 καί
682 4507 715 4572 τῇ
739 4509 869 4572 χερσαίων
891 4505 965 4572 ζώων
989 4509 1081 4573 μητέρι
1103 4507 1139 4573 γῇ
1158 4504 1245 4568 πόσας
1267 4504 1354 4570 φυτῶν
1371 4507 1523 4570 προσένειμεν

329 4594 409 4656 ἰδέας,
426 4596 468 4644 ἵνα
486 4595 620 4658 συγγενέσι
636 4596 683 4645 καί
696 4593 730 4661 μη
750 4588 868 4658 όθνείαις
879 4598 991 4660 τροφαῖς
1003 4593 1036 4645 τοὶ
1048 4593 1196 4660 γεννώμενα
1207 4591 1347 4659 χρήσηται.
1416 4593 1437 4644 3
1455 4589 1523 4642 Ρίτί

328 4679 432 4733 Menex.
450 4679 524 4733 238a
542 4675 572 4732 ού
591 4680 643 4748 γοὶρ
661 4681 697 4748 γῆ
709 4689 822 4748 γυναῖκα
836 4685 977 4749 μεμίμηται
994 4679 1088 4748 κυήσει
1105 4684 1152 4734 καί
1165 4678 1289 4748 γεννήσει,
1308 4673 1380 4731 ἀλλά
1396 4678 1463 4745 γυνη
1480 4676 1524 4742 γῆν·
