3092 5236
825 376 939 474 ,τυ

310 586 382 664 3ου
406 607 492 669 sqq.:
514 586 607 651 Alex.
632 587 780 670 Aphrod.
805 587 839 650 in
860 586 963 651 Arist.
988 586 1063 652 Met.
1086 588 1271 670 15p.i9,7
1294 585 1513 671 (Βουμήιιι
1538 542 1539 546 Ὺ

373 698 407 761 δέ
439 696 510 762 οὔτε
541 704 634 784 γεννᾷ
666 720 732 763 τινα
764 697 824 764 τῶν
858 697 890 764 ἐν
923 699 961 784 τή
990 696 1100 763 δεκάδι
1128 697 1271 786 ἀριθμῶν
1303 693 1320 764 6
1348 698 1429 763 ἑπτά
1456 692 1512 760 οὔτε

371 809 513 895 γεννᾶται
535 802 594 874 ὑπό
616 831 694 888 τινος
717 809 827 894 αὐτῶν,
850 810 901 875 διά
923 815 1013 875 τοῦτο
1042 813 1097 874 καὶ
1120 785 1256 897 Ἀθηνᾶν
1284 811 1393 896 ἔλεγον
1418 808 1510 874 αὐτόν·

371 919 388 986 6
418 923 473 1008 μέν
498 922 559 1008 γάρ
586 921 642 987 δύο
669 922 720 987 τὸν
748 922 885 1007 τέσσαρα
913 924 968 986 καὶ
995 915 1012 986 6
1040 921 1110 1008 τρία
1137 922 1190 989 τὸν
1217 921 1304 987 ἐννέα
1333 925 1390 986 καὶ
1415 923 1467 987 τὸν
1491 921 1514 999 ἓξ

371 1035 425 1098 καὶ
448 1029 464 1098 6
487 1033 624 1119 τέσσαρα
645 1034 698 1101 τὸν
719 1033 802 1100 ὀκτῶ
824 1037 879 1099 καὶ
902 1031 918 1100 6
941 1034 1032 1100 πέντε
1053 1034 1106 1100 τὸν
1128 1033 1208 1099 δέκα
1235 1041 1339 1121 γεννᾷ,
1361 1035 1514 1120 γεννῶνται

372 1146 406 1210 δὲ
427 1139 444 1210 6
466 1145 603 1231 τέσσαρα
631 1148 685 1211 καὶ
707 1141 723 1213 6
746 1146 779 1226 ἓξ
806 1149 861 1212 καὶ
883 1144 900 1238 6
923 1144 1006 1213 ὀκτῶ
1034 1149 1088 1212 καὶ
1111 1139 1127 1211 6
1151 1145 1237 1213 ἐννέα
1265 1140 1360 1211 καὶὸ
1392 1139 1514 1212 δέκαδ

372 1259 406 1322 δέ
428 1257 506 1323 ἑπτά
527 1257 599 1324 οὔτε
619 1257 685 1324 τινά
706 1261 798 1346 γεννᾷ
820 1258 891 1324 οὔτε
913 1259 952 1323 έκ
972 1279 1051 1336 τινος
1073 1264 1229 1344 γεννᾶται·
1253 1257 1384 1344 τοιαύτη
1416 1260 1452 1322 δέ
1472 1259 1514 1320 καὶ

370 1362 391 1454 6
411 1367 530 1456 Ἀθηνᾶ
553 1367 681 1456 ἀμήτωρ
703 1372 758 1434 καὶ
785 1363 834 1435 ἀεὶ
861 1370 1027 1456 παρθένος.
1073 1373 1194 1437 Theon
1218 1373 1351 1454 Smyrn.
1375 1393 1410 1454 p.
1438 1372 1512 1447 103,1

372 1484 426 1546 καὶ
447 1475 468 1568 6
492 1480 627 1569 ἑβδομὰς
648 1483 683 1547 δὲ
706 1482 775 1569 [τῆς
799 1481 933 1560 δεκάδος
955 1481 1048 1570 οὖσα]
1078 1481 1265 1570 θαυμαστήν
1293 1484 1361 1569 ἔχει
1386 1482 1514 1567 δύναμιν·

372 1590 462 1680 μάνος
482 1594 544 1680 γάρ
558 1595 618 1660 τῶν
633 1593 716 1672 ἐντὸς
737 1600 792 1680 τῆς
814 1593 948 1673 δεκάδος
963 1595 1034 1660 οὔτε
1054 1595 1149 1680 γεννᾶ
1168 1597 1274 1680 ἕτερον
1288 1593 1360 1659 οὔτε
1384 1596 1516 1681 γεννᾶται

263 1693 264 1696 “
372 1699 424 1791 ὑφ’
449 1706 570 1791 ἑτέρου.
593 1706 640 1771 διδ
662 1707 716 1770 καὶ
738 1701 860 1792 Ἀθηνᾶ
888 1700 947 1772 ὑπὸ
975 1707 1035 1773 τῶν
1061 1706 1350 1793 Πυθαγορικῶν
1382 1707 1516 1772 ἐκαλεῖτο

371 1817 442 1882 οὔτε
470 1816 584 1904 μητρός
612 1839 690 1896 τινος
718 1817 797 1883 οὖσα
824 1817 895 1884 οὔτε
924 1817 1043 1905 μήτηρ·
1072 1818 1142 1884 οὔτε
1168 1817 1230 1905 γάρ
1258 1819 1375 1905 γίνεται
1402 1821 1443 1885 ἐκ
1464 1841 1516 1882 συν

374 1931 513 2017 δυασμοῡ
542 1929 612 1996 οὔτε
640 1929 842 2010 συνδυάζεταί
868 1952 937 1996 τινι.
971 1931 1031 1997 τῶν
1063 1928 1125 2016 γάρ
1159 1923 1302 2017 ἀριθμῶν
1333 1931 1400 1996 τῶν
1433 1933 1464 1997 ἐν
1491 1935 1517 2012 τή

374 2041 483 2108 δεκάδι
504 2043 534 2108 οῖ
555 2045 610 2130 μέν
631 2043 759 2129 γεννῶσί
779 2065 813 2106 τε
835 2046 890 2107 καὶ
910 2042 1084 2128 γεννῶνται,
1101 2039 1142 2122 ῶς
1165 2040 1182 2106 6
1204 2040 1230 2106 δ’
1253 2043 1347 2128 γεννᾷ
1370 2045 1435 2128 μὲν
1458 2040 1518 2129 μετά

374 2154 487 2233 δυάδος
508 2156 560 2221 τὸν
581 2154 622 2242 η’,
645 2155 788 2242 γεννᾶται
809 2156 845 2220 δὲ
866 2153 926 2220 ὑπὸ
949 2154 1076 2234 δυάδος·
1100 2155 1130 2220 οἱ
1152 2155 1187 2220 δὲ
1208 2157 1376 2240 γεννῶνται
1410 2157 1476 2242 μέν,
1495 2151 1519 2216 οὐ

371 2270 498 2355 γεννῶσι
526 2267 569 2352 δέ,
599 2259 641 2345 ῶς
669 2265 686 2332 6
713 2266 737 2335 τ’
761 2267 903 2352 γεννᾶται
932 2269 987 2354 μέν
1014 2261 1074 2332 ὑπὸ
1104 2265 1130 2352 β’
1160 2269 1215 2331 καὶ
1242 2265 1280 2352 γ’,
1310 2264 1348 2329 οὐ
1376 2269 1476 2354 γεννᾷ
1494 2267 1518 2328 δὲ

370 2376 482 2446 οὐδένα
508 2386 568 2446 τῶν
597 2381 628 2446 ἐν
656 2380 695 2466 τή
723 2378 847 2444 δεκάδι·
876 2379 905 2444 οἱ
932 2381 967 2444 δέ
994 2385 1123 2466 γεννῶσι
1145 2379 1209 2466 μέν,
1232 2377 1269 2443 οὐ
1291 2385 1468 2464 γεννῶνται
1486 2377 1518 2452 δέ,

370 2485 411 2569 ῶς
433 2485 492 2577 ὅγ’
508 2493 563 2556 καὶ
578 2485 594 2556 6
611 2489 635 2556 ε’
657 2499 821 2578 γεννῶνται
843 2493 898 2578 μέν
923 2492 955 2571 ἐξ
977 2489 1101 2570 οὐδενὸς
1124 2490 1290 2578 [ἀριθμοῦ]
1313 2493 1517 2578 συνδυασμοῦ,

368 2610 496 2690 γεννῶσι
517 2607 552 2670 δέ
574 2599 662 2692 ὃμὲν
675 2605 703 2691 γ’
719 2604 771 2672 τὸν
793 2604 824 2670 θ’
848 2606 976 2672 καὶτὸν
999 2604 1023 2673 τ’
1040 2603 1120 2691 μετά
1143 2603 1265 2687 δυάδος,
1288 2597 1305 2669 6
1329 2606 1365 2669 δέ
1391 2604 1419 2670 ε’
1446 2603 1521 2691 γεννᾷ

370 2716 448 2803 μετά
475 2717 589 2797 δυάδος
617 2712 708 2786 αὐτὸν
736 2720 788 2786 τὸν
816 2717 843 2784 ι’.
873 2717 963 2806 μόνος
985 2719 1021 2782 δὲ
1044 2716 1059 2782 6
1082 2715 1108 2796 ζ’
1138 2713 1209 2783 οὔτε
1236 2717 1456 2797 συνδυασθείς
1481 2738 1520 2781 τινι

368 2831 460 2919 γεννᾷ
493 2854 558 2898 τινα
591 2831 651 2898 τῶν
683 2832 715 2898 ἐν
747 2838 785 2918 τή
819 2829 929 2896 δεκάδι
962 2829 1033 2896 οὔτε
1066 2830 1103 2894 ἐκ
1137 2829 1333 2917 συνδυασμοῦ
1370 2832 1519 2914 γεννᾶται,

369 2945 514 3010 Hierocl.
544 2965 664 3010 comm.
693 2945 729 3009 in
750 2945 830 3010 Aur.
855 2944 963 3010 Garm.
986 2965 1017 3027 p.
1040 2945 1104 3008 465
1127 2995 1135 3009 .
1160 2994 1167 3010 .
1192 2995 1199 3010 .
1221 2937 1243 3029 6
1267 2945 1302 3008 δὲ
1324 2942 1475 3031 ἑβδομὰς
1494 2936 1520 3017 ῶς

372 3054 502 3142 ἀμήτωρ
535 3058 589 3120 καὶ
620 3055 778 3142 παρθένος
809 3056 865 3141 τήν
892 3056 948 3142 τῆς
977 3054 1110 3142 μονάδος
1143 3054 1229 3135 ἀξίαν
1262 3054 1423 3141 δευτέρως
1455 3060 1520 3143 ἔχει·

371 3167 442 3232 οὔτε
463 3166 524 3253 γάρ
546 3168 690 3253 γεννᾶται
712 3167 744 3247 ἐξ
767 3165 903 3254 ἀριθμοῦ
926 3188 1004 3244 τινος
1031 3168 1092 3233 τῶν
1121 3165 1203 3244 ἐντὸς
1225 3165 1369 3246 δεκάδος,
1397 3167 1445 3247 ῶς
1469 3165 1519 3234 ὁδ’

371 3280 408 3344 ἐκ
429 3281 483 3344 τοῦ
506 3281 550 3358 δὶς
573 3279 599 3366 β’
622 3282 677 3344 καὶ
699 3278 715 3345 6
739 3279 771 3359 ἒξ
794 3281 831 3344 ἐκ
852 3279 906 3344 τοῦ
929 3280 974 3356 δὶς
995 3277 1023 3365 γ’
1046 3281 1101 3343 καὶ
1124 3273 1140 3343 6
1163 3277 1194 3364 η’
1217 3279 1255 3343 έκ
1276 3279 1329 3344 τοῦ
1354 3279 1404 3357 δὶς
1430 3281 1459 3345 δ’
1482 3281 1521 3344 κάΙ

370 3389 441 3455 ὅθ’
466 3391 503 3455 ἐκ
524 3392 578 3455 τοῶ
600 3394 663 3477 τρὶς
683 3390 711 3478 γ’
735 3394 790 3455 καὶ
812 3389 828 3455 6
852 3389 869 3456 ι’
893 3392 931 3456 ἐκ
953 3398 1007 3455 τοῦ
1030 3392 1075 3469 δὶς
1098 3389 1133 3475 ε’,
1156 3389 1227 3456 οὔτε
1254 3391 1347 3477 γεννᾷ
1375 3414 1452 3458 τινα
1475 3394 1520 3457 τῶν

369 3500 453 3579 ἐντὸς
476 3502 618 3586 δεκάδος,
641 3497 683 3581 ῶς
705 3501 722 3567 6
745 3503 800 3567 δύο
822 3501 874 3569 τὸν
896 3502 1034 3588 τέσσαρα
1057 3504 1112 3566 καὶ
1134 3500 1151 3566 6
1172 3500 1200 3588 γ’
1223 3502 1275 3567 τὸν
1298 3502 1330 3580 ἓξ
1352 3501 1519 3570 καὶπάνθ’

314 3609 317 3616 “
369 3616 422 3676 καὶ
445 3609 461 3677 6
485 3613 508 3677 ε’
531 3612 583 3680 τὸν
604 3613 632 3678 ι’.
676 3616 791 3680 Ioann.
813 3616 891 3698 Lyd.
909 3616 1072 3680 demens,
1095 3615 1167 3679 1116
1190 3635 1221 3697 p.
1245 3617 1287 3679 90
1310 3613 1448 3702 μεγίστη
1471 3618 1521 3702 γὰρ

369 3721 390 3809 6
414 3724 539 3811 δύναμις
565 3727 621 3811 τής
650 3724 795 3803 ἑπτάδος·
820 3723 836 3789 6
858 3723 919 3811 γάρ
941 3718 1017 3790 κατ’
1041 3721 1137 3811 αὐτήν
1160 3723 1293 3811 ἀριθμὸς
1321 3721 1444 3812 ἀμιγής
1467 3730 1521 3793 ἐστι

369 3838 424 3900 καὶ
446 3835 585 3922 ἀμήτωρ,
609 3836 686 3923 μήτε
709 3843 822 3923 γεννῶν
845 3835 923 3923 μήτε
953 3833 1150 3923 γεννῶμενος,
1179 3833 1221 3914 ῶς
1248 3838 1382 3916 ἕκαστος
1413 3840 1476 3905 τῶν
1498 3841 1521 3904 ἐν

368 3949 407 4035 τή
430 3946 540 4012 δεκάδι
562 3945 718 4034 ἀριθμῶν·
742 3943 818 4014 ὅθεν
841 3949 870 4013 οἱ
890 3947 1160 4034 Πυθαγόρειοι
1182 3947 1302 4035 Ἀθηνᾷ
1323 3949 1381 4034 τήν
1407 3951 1522 4016 έτιτάδα

369 4053 572 4128 ἀνατίθενται.
616 4062 761 4126 Maerob.
779 4083 898 4127 comm.
915 4061 950 4126 in
966 4061 1081 4128 Somn.
1098 4060 1188 4144 Seip.
1203 4061 1217 4125 Ι
1232 4061 1302 4140 6,11
1327 4060 1407 4126 huic
1422 4070 1520 4129 αιάυυι

367 4194 509 4254 numero,
532 4171 567 4237 id
589 4176 634 4237 est
654 4172 840 4258 septenarii,
867 4172 943 4239 αάαο
970 4170 1076 4256 opinio
1104 4170 1302 4258 virqiiiiiatis
1323 4171 1467 4256 inolevit,
1490 4181 1520 4240 u!

371 4285 479 4352 Ριάῑαν
500 4305 620 4368 quoque
646 4285 812 4352 vocitetur.
841 4305 918 4350 αυκι
944 4284 1033 4370 ιάνμο
1061 4283 1210 4364 creditur,
1238 4283 1315 4365 ρκάα
1336 4285 1468 4353 millum
1488 4310 1521 4352 αι

368 4419 401 4463 se
423 4397 515 4481 paiii
540 4418 711 4463 numerum
739 4396 933 4482 duplicatis,
962 4395 1018 4480 μαι
1045 4395 1135 4462 iiiia
1163 4395 1334 4460 denarium
1357 4405 1518 4475 coartetur,

368 4531 459 4593 quem
481 4508 626 4593 primum
654 4508 784 4574 iimitem
813 4513 935 4574 constat
961 4529 1024 4574 esse
1051 4529 1273 4590 κακιονονυκις
1307 4507 1420 4575 Pallas
1448 4512 1516 4587 ι’ἀω,

368 4621 445 4703 quia
466 4643 505 4686 αα
532 4618 628 4687 soliis
654 4620 799 4687 monadis
825 4621 894 4703 fetu
921 4625 951 4686 ei
977 4619 1237 4702 multiplicatione
1253 4621 1418 4704 processit,
1441 4623 1515 4688 sicui

370 4732 520 4798 Minerva
540 4732 604 4799 υυάι
625 4754 665 4797 αα
685 4753 751 4799 imo
768 4738 902 4817 parente
922 4738 1001 4800 iiiia
1019 4733 1213 4818 perhibetur.
