3142 5238
275 346 374 410 XLVI

277 535 444 616 significat
460 533 513 598 his
530 533 629 597 locis:
651 532 715 610 dd.
731 531 761 596 6.
788 532 889 608 1611.
909 531 957 594 15.
981 529 1238 613 δυσπόριστον
1260 532 1361 612 vulgo
1388 530 1524 594 dicitur

279 646 314 710 id
336 645 426 727 quod
450 644 583 708 difficile
606 647 657 706 est
681 646 894 723 comparatu;
915 640 1163 720 philantiam
1183 641 1219 705 τὸ
1241 641 1301 706 τῶν
1324 639 1524 725 ἀναγκαίων

278 753 483 839 δυσπόριστον
506 759 558 820 est
572 751 744 834 dissimilius
759 772 809 816 res
823 751 1016 816 necessariae
1037 750 1251 834 comparandi.
1275 753 1402 817 cadem
1422 753 1523 816 notio
1569 795 1570 800 κ

279 867 426 932 occurrit
447 866 538 948 apud
559 866 645 930 Plut.
669 865 738 930 Sol.
762 883 834 946 cap.
858 865 899 928 23
922 862 1004 947 πλην
1026 863 1054 927 εί
1076 863 1118 948 μη
1143 863 1342 941 σπανίζοντος
1365 861 1452 927 τότε
1469 862 1524 926 τοῦ

280 976 468 1062 νομίσματος
497 973 637 1061 μεγάλας
665 974 762 1038 ἐποίει
789 973 844 1050 τάς
872 967 1043 1059 ἀργυρικὰς
1076 974 1190 1060 ζημίας
1221 972 1258 1038 τὸ
1291 973 1523 1058 δυσπόριστον.
1569 971 1570 980 ’

280 1086 542 1173 ἐκτέμνεσθαι
570 1087 709 1150 verbum
735 1087 908 1167 passivum
939 1105 1014 1150 cum
1037 1087 1228 1150 accusativo
1252 1086 1412 1150 iunctum
1439 1086 1524 1150 Phi·

279 1200 350 1264 loni
379 1199 469 1262 idem
499 1200 550 1262 est
580 1197 669 1279 quod
698 1194 951 1280 ἀποστερεῖσθαι,
985 1195 1212 1281 άφαιρεθῆναιι
1242 1198 1282 1262 cf.
1311 1199 1417 1276 mne
1451 1198 1524 1262 νοῦν
1569 1187 1570 1196 ’

281 1311 338 1373 καί
363 1308 457 1393 λόγον
480 1306 680 1392 ἐκτέτμηται.
710 1309 800 1390 quod
823 1309 905 1372 deus
928 1308 973 1373 sit
994 1309 1122 1374 immut.
1145 1309 1159 1372 Ι
1181 1310 1243 1372 696
1265 1305 1301 1371 τό
1322 1307 1524 1392 λογίζεσθαι

280 1413 297 1484 ὁ
326 1425 396 1495 νοῦς
429 1417 613 1503 ἐκτμηθείς.
644 1419 685 1483 de
713 1420 809 1500 migr.
837 1420 1000 1484 Abrahl
1028 1420 1090 1483 446
1120 1417 1222 1503 θυμόν
1255 1420 1309 1482 καὶ
1337 1418 1522 1504 ἐπιθυμίαν

282 1530 482 1616 ἐκτέτμηται.
507 1531 548 1595 ι1ε
572 1549 660 1611 spec.
690 1530 751 1611 leg.
775 1530 887 1594 11304
916 1529 1142 1614 ἐπιτετμημένος
1167 1529 1223 1613 τῆς
1251 1529 1357 1614 ψυχῆς
1379 1527 1421 1592 τὸ
1450 1529 1522 1614 βιω-
1570 1558 1571 1569 2

282 1641 486 1725 φελέστατον.
530 1639 766 1724 ἐμβαθόνειν
787 1642 885 1722 vulgo
908 1642 1084 1706 transitive
1106 1645 1297 1722 usurpatur,
1320 1660 1340 1704 a
1363 1641 1521 1706 Philone

281 1755 330 1835 (et
351 1752 450 1835 LXX)
474 1751 686 1817 intransitive
710 1749 856 1835 (penitas
872 1771 905 1816 se
918 1750 1088 1828 demittere,
1105 1755 1276 1833 pmietrare
1296 1748 1335 1814 in
1357 1749 1521 1834 atiqiaid)

283 1864 325 1928 cf.
348 1863 453 1940 2213.
478 1862 519 1926 de
540 1881 667 1943 praem.
692 1867 725 1926 et
747 1882 846 1944 poen.
869 1863 983 1926 ntra.
1008 1861 1042 1924 at
1063 1859 1369 1946 ἐντυγχάνοντες
1391 1883 1415 1926 a
1436 1864 1520 1927 Phi-

281 1976 362 2038 lone
391 1977 424 2038 et
452 1994 472 2038 a
501 1973 621 2036 ceteris
652 1972 873 2054 scriptoribus
901 1972 1147 2054 posterioribus
1183 1972 1339 2037 dicuntur
1373 1971 1518 2037 acmes.

281 2081 545 2169 μεγαλόπολις
573 2083 708 2147 Philoni
743 2082 791 2167 (ut
826 2081 963 2165 Stoicis)
1003 2087 1056 2147 est
1083 2081 1277 2146 universitas
1309 2103 1444 2148 reram:
1477 2085 1517 2148 cs.

284 2197 369 2274 530.
399 2195 440 2259 de
472 2195 646 2258 monarch.
675 2194 702 2257 Π
730 2195 802 2257 217.
832 2191 982 2277 μηποτε
1016 2212 1090 2256 cum
1119 2190 1247 2270 εἰκότως
1277 2195 1519 2260 consociatum

286 2307 390 2383 19,17.
414 2306 486 2382 213
511 2309 562 2368 est
583 2300 724 2383 fortusse,
748 2323 848 2386 quam
871 2304 1046 2368 notionem
1074 2304 1301 2386 grammaticis
1326 2309 1358 2368 et
1385 2307 1518 2370 scholi-

284 2417 368 2480 astis
390 2416 648 2479 usitatissimam
670 2436 688 2480 e
716 2415 859 2480 dialecto
881 2415 1110 2480 Alexandrina
1135 2416 1276 2497 petitam
1299 2435 1377 2480 esse
1401 2418 1518 2500 suspi-

284 2533 378 2591 catus
402 2530 454 2590 est
477 2526 585 2602 Stura,
608 2526 650 2590 de
673 2525 751 2590 dial.
772 2526 899 2590 Maced.
922 2530 956 2590 et
977 2525 1071 2590 Alex.
1093 2546 1126 2607 p.
1146 2527 1215 2590 184.
1240 2525 1442 2603 οίκείωσις
1465 2530 1516 2606 3,7

283 2638 374 2701 idem
408 2639 459 2700 est
497 2636 587 2717 quod
620 2634 788 2719 οἰκειότης,
819 2634 1041 2716 familiaritas,
1075 2634 1279 2700 necessitudo.
1311 2636 1517 2716 πολύθεος
1569 2631 1570 2650 ί

282 2748 378 2824 66,16
409 2746 530 2810 dicitur
558 2746 586 2809 is
616 2747 672 2828 qui
702 2747 825 2810 multos
855 2747 937 2809 deos
962 2765 1036 2810 esse
1061 2746 1182 2810 credit.
1210 2745 1516 2832 προλαμβάνειν

281 2859 373 2940 apud
395 2858 577 2939 scriptores
600 2856 806 2938 posteriores
830 2855 922 2938 (inde
938 2857 979 2920 ab
997 2855 1190 2938 Aristotele)
1214 2857 1392 2921 notionem
1408 2859 1515 2924 habet

282 2967 536 3052 praesentiendi
552 2971 585 3031 et
599 2965 808 3048 providendi,
832 2966 1010 3030 aPhilone
1027 2965 1074 3050 (et
1088 2967 1284 3050 Plutarcho)
1309 2968 1413 3033 etiam
1438 2990 1515 3034 cum

282 3081 448 3163 particula
470 3077 515 3141 ότι
531 3082 564 3141 et
580 3096 656 3140 cum
672 3077 846 3141 enuntiato
863 3077 1104 3158 interrogativo
1121 3078 1342 3142 construitur:
1366 3079 1410 3143 cf.
1426 3081 1514 3158 4,17.

287 3192 389 3269 1331.
417 3181 632 3270 ὑπέρβασις
659 3187 754 3263 sam
783 3187 872 3251 idem
902 3191 954 3251 est
982 3188 1072 3268 quod
1097 3180 1273 3272 deceptibili).
1297 3187 1515 3274 ὑπόσχεσις

283 3300 373 3382 apud
409 3298 589 3362 Philonem
625 3297 754 3377 passim
791 3316 861 3360 non
894 3298 1173 3380 promissionem,
1212 3300 1273 3364 sed
1307 3303 1516 3366 senteutiam

284 3408 469 3492 quamlibet
510 3405 721 3487 propositam
765 3408 944 3488 significat:
988 3408 1028 3472 cl.
1067 3409 1151 3487 36,8.
1188 3410 1230 3473 de
1269 3414 1399 3492 septen.
1437 3414 1514 3491 483

286 3518 506 3601 [Tischend.).
536 3513 699 3598 φθάνειν
727 3515 789 3579 ἐπί
816 3539 849 3580 τι
877 3517 1013 3582 Philoni
1043 3523 1094 3583 est
1116 3517 1286 3601 peruenire
1313 3519 1356 3584 ad
1376 3520 1513 3603 aliquid,

283 3624 418 3708 adipisci
444 3623 581 3705 aliquid,
616 3646 700 3708 quae
730 3627 823 3691 notio
850 3629 943 3692 verbi
972 3626 1103 3711 φθάνειν
1131 3630 1279 3710 primunr
1307 3632 1397 3713 ap‘ud
1426 3635 1515 3698 LXX
1568 3677 1569 3702 ι

286 3739 488 3818 interpretes
522 3755 698 3801 occurrere
731 3737 877 3812 videtum
916 3738 1032 3802 eadem
1065 3743 1205 3804 utuntur
1241 3742 1444 3808 Plutarchus
1483 3749 1514 3809 ct
1568 3711 1569 3732 ἐ

284 3847 358 3911 alii.
392 3853 582 3929 χορηγεῖν
616 3846 693 3910 inde
727 3847 769 3910 ab
804 3848 994 3912 Aristotelis
1028 3853 1181 3932 tempore
1218 3851 1308 3915 idem
1346 3855 1513 3934 siguificat

287 3956 378 4038 quod
400 3953 560 4038 παρέχειν,
576 3954 735 4037 praebere,
758 3956 967 4038 suppeditare,
991 3959 1124 4036 danaim
1148 3962 1229 4026 item
1250 3963 1392 4046 χορηγία
1415 3965 1513 4048 capia

284 4063 470 4129 scabeidiam.

374 4175 442 4241 Sed
456 4175 554 4238 Philo
570 4175 643 4256 ipse
660 4177 760 4241 etiam
776 4198 879 4243 nova
900 4180 1102 4245 vocabula
1119 4184 1330 4265 excogitavit.
1346 4185 1382 4249 in
1397 4186 1512 4250 libello

287 4285 330 4348 de
354 4285 485 4366 opificio
509 4286 625 4349 mundi
648 4286 731 4350 haec
755 4294 945 4367 occurrunt,
970 4312 1054 4373 quae
1072 4296 1150 4357 ante
1173 4294 1353 4359 Philonem
1378 4298 1513 4378 cognita

288 4413 359 4457 non
383 4395 485 4458 fuisse
511 4395 678 4459 videntur:

375 4495 653 4588 άγαλματοφορεῖν.

377 4608 646 4694 άγκιστρεύεσθαι.
