3092 5236
583 411 623 472 57

7 617 136 703 παρχον
159 621 215 705 μὲν
237 617 346 704 αύτού,
369 621 429 686 τῶν
451 614 481 686 δ’
506 619 609 687 ἄλλων
637 613 781 688 ἀπάντων
807 619 947 708 ἡγεμόνα
974 621 1084 706 τιθείς,
1114 619 1207 688 ὁπότε

7 734 45 796 ’.αὶ
68 732 99 797 οἱ
120 731 284 810 τοσαύταις
305 743 425 818 γενεαῖς
446 731 574 820 ὕστερον
595 732 713 819 φύντες,
728 733 791 819 ἡδη
814 735 868 798 τοῦ
889 733 996 820 γένους
1018 734 1070 798 διά
1085 733 1207 822 μακράς

7 842 114 928 [ρόνων
140 842 303 930 περιόδους
331 843 470 931 ἐξιτήλου
499 845 599 929 ὄντος,
629 844 718 913 ούδὲν
745 845 837 931 ἡττον
864 847 908 910 ἐτι
936 844 1120 925 δεσπόζουσι
1146 847 1207 914 τῶν

7 951 117 1042 ἱλόγων
140 955 291 1042 καθάπερ
313 956 488 1044 λαμπάδιον
510 956 613 1043 ἀρχῆς
634 960 688 1022 καί
712 959 890 1035 δυναστείας
917 956 979 1024 ἀπὸ
1006 959 1061 1023 τοῦ
1082 956 1206 1043 πρώτου

7 1069 143 1135 ίιαδοθέν
165 1067 383 1154 φυλάττοντες.
406 1071 499 1155 φησίν
521 1068 574 1135 ούν
596 1068 642 1135 ὅτι
669 1068 769 1136 πάντα
795 1070 834 1134 τά
863 1069 930 1156 ζῷα
951 1064 1070 1156 ἤγαγεν
1092 1065 1109 1134 ό
1130 1070 1208 1149 θεός

7 1179 66 1264 ιρός
88 1182 142 1246 τὸν
159 1174 267 1267 Ἀδάμ,
285 1183 356 1248 ίδείν
380 1178 565 1268 βουλόμενος
585 1181 667 1259 τίνας
689 1180 824 1266 θὴσεται
847 1180 1033 1268 προσρὴσεις
1055 1181 1207 1266 ἑκάστοις,

7 1286 52 1377 ιύχ
79 1291 126 1357 ότι
156 1293 328 1372 ἐνεδοίαζεν
351 1331 392 1342 -
415 1293 571 1380 ἄγνωστον
598 1294 660 1379 γάρ
688 1293 777 1360 ούδέν
805 1294 872 1380 θεῷ
894 1279 946 1378 ss-,
970 1293 1042 1360 ἀλλ’
1072 1294 1116 1360 ότι
1137 1295 1208 1382 ἡδει

7 1404 47 1488 ,ἡν
81 1404 214 1491 λογικὴν
252 1406 284 1472 ἐν
319 1406 426 1492 θνητῷ
463 1405 552 1491 φύσιν
587 1408 829 1485 κατεσκευακῶς
871 1405 1088 1492 αὐτοκίνητον,
1125 1405 1207 1486 ὅπως

7 1509 150 1601 ἀμέτοχος
182 1509 274 1594 αι’νιύς
306 1515 327 1603 ἡ
361 1517 490 1595 κακίας.
520 1515 709 1603 ἀπεπειρᾶτο
737 1517 766 1582 δ’
797 1515 838 1596 ῶς
864 1510 1028 1604 ύφηγητὴς
1052 1519 1206 1606 γνωρίμου

7 1627 50 1712 niv
77 1626 258 1694 ἐνδιάθετον
286 1627 345 1707 ἐξιν
371 1624 522 1696 ἀνακινῶν
555 1631 609 1693 καί
641 1628 718 1714 πρός
743 1652 771 1695 τι
799 1630 858 1696 τῶν
885 1629 1007 1696 οἰκείων
1040 1629 1207 1697 ἀνακαλῶν
1227 1635 1262 1681 ¹⁰

7 1740 102 1824 ἔργων,
136 1734 177 1805 ίν’
212 1739 449 1827 ἀπαυτοματίοη
481 1739 537 1822 τάς
568 1741 673 1819 θέσεις
700 1740 774 1828 μήτ’
805 1740 974 1820 ἀνοικείους
1007 1741 1079 1829 μὴτί
1115 1737 1206 1828 ἀναρ-

7 1850 124 1931 ιόστους
153 1851 225 1918 ἀλλ’
251 1852 457 1940 ἐμφαινούσας
479 1852 515 1918 εύ
537 1853 623 1940 μάλα
649 1854 704 1932 τάς
726 1855 787 1920 τῶν
808 1847 1017 1940 ὑποκειμένων
1039 1853 1205 1941 ἰδιότητας.

7 1956 131 2048 ἀκράτου
164 1964 227 2051 γάρ
262 1968 306 2031 ἐτι
336 1967 392 2052 τῆς
424 1966 553 2052 λογικῆς
585 1964 706 2052 φύσεως
738 1960 941 2053 ὑπαρχούσης
973 1967 1005 2032 ἐν
1037 1967 1125 2053 ψυχὴ
1152 1971 1206 2032 καί

7 2078 129 2161 μηδενός
161 2071 404 2165 ἀρρωστὴματος
436 2077 457 2164 ἡ
490 2076 666 2165 νοσήματος
692 2073 714 2164 ἡ
740 2078 865 2157 πάθους
890 2077 1204 2164 παρεισεληλυθότος,

7 2187 49 2264 ιάς
74 2191 243 2274 φαντασίας
270 2191 331 2256 τῶν
359 2188 510 2277 σωμάτων
536 2192 591 2255 καὶ
617 2189 808 2277 πραγμάτων
835 2189 1101 2276 ἀκραιφνεστάτας
1126 2191 1205 2278 λαμ·
1226 2197 1260 2242 1⁵

7 2297 97 2384 βάνων
119 2294 310 2389 εύθυβόλους
332 2303 463 2367 ἐποιεῖτο
485 2302 541 2381 τάς
561 2302 698 2388 κλήσεις,
727 2302 761 2368 εὖ
784 2303 869 2389 μάλα
896 2302 1124 2389 στοχαζόμενος
1145 2310 1205 2370 τῶν

7 2409 201 2498 δηλουμένων,
230 2411 271 2492 ῶς
299 2409 365 2500 ἅμα
393 2414 552 2500 λεχθὴναί
578 2437 612 2480 τε
635 2418 689 2480 καί
710 2415 865 2501 νοηθὴναι
886 2415 941 2493 τάς
963 2414 1067 2500 φύσεις
1089 2415 1204 2481 αύτῶν.

7 2521 74 2588 ούτω
98 2528 151 2611 μὲν
172 2526 205 2593 ἐν
227 2525 325 2591 ἀπασι
346 2535 408 2604 τοῖς
430 2527 537 2605 καλοῖς
560 2527 708 2614 διέφερεν,
731 2524 781 2593 ἐπ’
807 2525 882 2593 αύτό
903 2525 938 2592 τό
959 2526 1056 2612 πέρας
1076 2527 1206 2613 φθάνων

7 2635 51 2719 τῆς
72 2631 268 2724 ἀνθρωπίνης
290 2637 492 2725 εὐδαιμονίας.

80 2747 137 2815 53.
178 2748 270 2815 Ἐπεί
303 2748 332 2815 δ’
367 2744 456 2816 ούδὲν
487 2751 546 2816 τῶν
580 2751 612 2817 ἐν
638 2750 758 2836 γενέσει
785 2750 919 2840 βέβαιον,
947 2750 1064 2838 τροπάς
1090 2753 1125 2817 δὲ
1151 2753 1206 2816 καί
1224 2751 1260 2798 2⁰

82 3029 93 3079 1
113 3023 194 3080 αύτού
207 3027 243 3096 A,
257 3023 338 3080 αύτού
349 3025 427 3082 ceteri
479 3023 629 3079 ἀπόντων
646 3023 795 3095 ἡγεμόνα
813 3025 865 3080 M:
883 3025 1002 3095 ἡγεμόνα
1014 3027 1117 3080 πάντων
1128 3027 1206 3082 aeteri

35 3113 118 3165 τίθεισι
136 3112 175 3182 D,
193 3113 294 3178 θείςθ
369 3114 586 3182 5φυλάσσοντες
603 3113 634 3168 D
715 3115 804 3168 6τὸν
818 3111 913 3182 Ἀδάμ
931 3114 982 3168 M:
1001 3115 1045 3168 τόν
1063 3114 1204 3182 ἄνθρωπον

10 3197 73 3250 caim
100 3200 133 3252 cf.
152 3201 225 3254 LXX
279 3203 443 3268 7ἐνεδίαζεν
455 3199 494 3269 D,
507 3205 653 3254 ἐνεδοίασεν
671 3202 759 3270 Mang.
812 3200 881 3271 ἡδει]
900 3200 953 3270 ἡδη
972 3200 1009 3254 Μ
1057 3203 1205 3270 8πονητόν

11 3289 61 3344 posi
77 3282 245 3354 αὐτοκίνητον
264 3289 326 3342 add.
346 3287 380 3342 M
461 3290 580 3343 averbo
603 3288 676 3352 ὅπως
697 3289 793 3357 incipit
810 3305 882 3344 man.
901 3290 918 3341 i
936 3289 963 3342 in
982 3287 1012 3341 F
1090 3286 1205 3354 9αύτός

11 3383 53 3422 0111.
77 3371 112 3425 M
197 3375 231 3427 10
257 3375 339 3442 πρός
366 3393 395 3428 τι
418 3375 470 3430 M:
498 3379 605 3443 προσέτι
630 3374 718 3439 οοίονὴ
746 3376 812 3442 πρὸς
838 3379 958 3438 ἐπίδειξιν
987 3377 1057 3430 coni.
1088 3377 1205 3446 Mangey

39 3458 63 3509 11
74 3462 154 3528 ἔργων
164 3465 229 3515 ante
239 3457 380 3515 ἀνακαλῶν
392 3481 416 3520 α
470 3464 502 3516 λλ
514 3464 564 3527 τὰς
572 3481 626 3517 om.
637 3467 657 3518 b
667 3463 762 3532 (habet
771 3461 809 3531 F)
858 3464 890 3517 13
902 3463 954 3530 γάρ
967 3483 974 3516 :
993 3481 1028 3517 an
1042 3465 1121 3518 scrib.
1141 3467 1203 3518 δέῖ

38 3545 141 3616 φύσεως]
155 3553 237 3614 έξεως
249 3548 285 3603 Μ
354 3551 387 3603 11
403 3550 582 3618 ἡνοσὴματος
601 3567 654 3604 om.
668 3548 702 3604 M
771 3551 804 3603 15
822 3550 879 3614 τάς
898 3555 1081 3617 φαντασίας
1099 3550 1204 3607 MFa:

11 3637 55 3694 ταῖς
70 3641 221 3700 φαντασίαις
240 3641 259 3692 b
329 3641 377 3689 καί
394 3637 556 3705 πραγμάτων
574 3635 626 3691 M:
644 3636 661 3705 ἡ
681 3637 842 3704 πραγμάτων
859 3637 937 3692 ceteri
1006 3634 1204 3706 ἀκραιφνεσ-

12 3717 94 3785 ιάτας
121 3724 296 3791 λαμβάνων
325 3722 432 3780 MFa:
465 3719 704 3791 ἀκραιφνεστάταις
733 3723 869 3791 χριόμενος
898 3729 918 3780 b
1013 3727 1045 3779 18
1075 3726 1204 3796 διέφερεν]

13 3804 140 3876 διέφθειρεν
161 3809 184 3862 Ο
235 3808 271 3874 ῶς
290 3806 331 3863 ἐπ’
347 3806 411 3864 αιίτό
429 3811 459 3864 τὸ
472 3815 555 3878 πέρας
568 3811 677 3878 φθάνειν
690 3811 845 3880 Christoph.
858 3812 946 3879 Mang.
1000 3813 1035 3867 20
1046 3813 1095 3866 τῶν
1108 3830 1162 3867 om.
1174 3812 1205 3866 D

13 3945 297 3962 ’x—

81 4036 97 4088 5
109 4054 171 4106 sqq.
184 4038 245 4104 Frg.
258 4037 284 4089 Π
296 4036 346 4090 653
365 4035 493 4104 ,ζΗγαγεν
511 4029 526 4088 ὁ
539 4036 604 4100 θεὸς
622 4036 724 4103 τὰζῷα
736 4035 802 4101 πρὸς
820 4035 865 4088 τὸν
879 4031 968 4104 Ἀδάμ,
982 4041 1043 4090 ἰδεῖν
1060 4042 1084 4090 τί
1095 4041 1204 4091 καλέσαι

14 4112 88 4175 αύιά“.
107 4119 136 4176 ού
155 4124 208 4191 γάρ
227 4123 357 4188 ἐνδοιάζει
374 4124 447 4189 θεός,
466 4118 526 4175 ἀλλ’
549 4123 638 4191 ἐπειδὴ
657 4126 717 4176 νοῦν
735 4125 822 4176 ἔδωκε
843 4126 880 4192 τῷ
898 4119 1030 4192 ἀνθρώπῳ
1048 4127 1084 4192 τῷ
1102 4142 1203 4192 πρωτο-

14 4216 70 4267 γενεῖ
82 4215 127 4262 καί
147 4214 296 4278 σπουδαίῳ,
319 4205 385 4264 καθ’
413 4210 442 4262 ὃν
465 4210 665 4278 ἐπιστημονικὸς
697 4209 732 4262 ῶν
754 4213 857 4276 πέφυκε
882 4213 1049 4278 λογίζεσθαι,
1076 4212 1202 4279 καθάπερ

15 4287 132 4366 ὑ’νηγητὴς
150 4299 278 4365 γνώριμον
295 4305 363 4352 κινεῖ
378 4298 444 4365 πρὸς
463 4301 581 4360 ἐπίδειξιν
600 4301 700 4350 οἰκείαν
717 4300 765 4350 καί
783 4293 874 4365 ἀφορᾷ
891 4298 924 4350 τά
942 4297 1037 4364 ἀριστα
1056 4293 1137 4350 αύτού
1154 4301 1203 4366 τὴς

16 4379 85 4449 ψυχῆς
109 4387 238 4453 ἔκγονα..
263 4426 269 4438 .
293 4424 300 4437 .
324 4380 419 4452 ἀνδρὸς
447 4381 470 4437 δ’
502 4384 773 4452 ἐπιστημονικωτάτου
800 4389 847 4437 καί
878 4379 1002 4452 φρονήσει
1033 4389 1203 4452 διαφέροντος

18 4463 156 4524 οἰκειότατον
173 4475 254 4525 ταύτο
273 4473 302 4524 τδ
322 4475 412 4540 ἐργον·
432 4468 462 4524 ού
482 4475 555 4539 σοφῷ
575 4471 661 4540 μόνον,
681 4468 751 4526 ἀλλά
768 4475 869 4539 καὶτῷ
892 4479 1053 4540 πρωτογενεῖ
1072 4475 1123 4526 τῶν
1144 4468 1202 4524 όνο-

17 4552 88 4614 μάτων
103 4555 118 4626 ἡ
135 4561 220 4623 θέσις·
240 4561 294 4611 έδει
311 4559 363 4626 γάρ
381 4556 500 4626 ἡγεμόνα
518 4562 565 4625 μέν
582 4562 629 4611 τού
642 4554 806 4626 ἀνθρωπείου
825 4559 958 4627 <γένους>,
979 4561 1088 4625 βασιλέα
1105 4563 1135 4612 δὲ
1152 4563 1204 4612 τῶν

17 4641 114 4705 γηγενῶν
130 4645 240 4712 πάντων,
252 4649 300 4699 καί
311 4648 389 4698 τούτο
401 4648 494 4713 λαχεῖν
510 4646 596 4715 γὴρας
613 4650 753 4713 ἐξαίρετον,
771 4642 803 4698 ἵν’
820 4645 906 4713 ῶσπερ
918 4648 1022 4712 πρῶτος
1033 4644 1094 4713 ἡδει
1105 4648 1170 4716 (είδε
1179 4647 1202 4715 ί)

18 4723 112 4795 τὰζῷα,
128 4737 174 4786 καί
190 4736 295 4800 πρῶτος
313 4733 455 4802 εἰσηγηπὴς
472 4737 520 4786 καί
537 4731 646 4802 εύρετὴς
664 4737 771 4800 γένηται
788 4734 839 4786 τῶν
856 4733 1014 4798 ἐπωνυμιῶν.
