3092 5236
493 391 696 495 ..AQ-

6 603 158 690 ιιμάρρου
180 603 294 689 τρόπον
317 603 497 689 ἐκχέονται,
521 595 562 680 ὡς
583 610 649 678 ταῖς
673 606 889 687 μαρμαρυγαῖς
921 598 956 664 τὸ
989 597 1045 683 τῆς
1072 595 1207 672 διανοίας

6 739 64 804 ιμα
96 716 300 782 σκοτοδινιᾶν.
341 709 434 781 Ἐπεί
462 711 492 780 δ’
517 707 554 779 ού
581 711 732 800 σύμπασα
759 711 851 777 εἰκοίν
880 709 1017 796 ἐμφερὴς
1039 706 1206 795 ἀρχετύπῳ

6 829 224 914 ιραδείγματι,
252 827 367 892 πολλαί
394 826 424 892 δ’
450 829 524 893 εἰσίν
553 824 700 913 ἀνόμοιοι,
728 818 1022 910 προσεπεσημηνατ’
1047 817 1142 886 εἰπιύν
1163 825 1206 905 τῷ

6 941 49 1006 αι’
78 940 191 1007 εἰκόνα
212 941 247 1006 τὸ
270 939 352 1005 καθ’
377 933 522 1027 ὁμοίωσιν
545 939 586 1017 είς
609 939 741 1024 ἔμφασιν
768 934 916 1022 ἀκριβοῦς
944 932 1112 1020 ἐκμαγείου
1134 953 1207 1017 τρα-

6 1076 27 1120 ιν
48 1051 151 1121 τύπον
174 1055 310 1139 ἔχοντος.
615 1077 617 1082 ·
1249 1055 1263 1100 ⁵

64 1191 129 1258 24.
170 1189 353 1277 Ἀπορησειε
386 1190 416 1255 δ’
448 1189 485 1254 ἀν
517 1211 566 1267 τις
593 1186 653 1254 οὐκ
685 1185 748 1252 ἀπὸ
781 1187 919 1268 σκοποῦ,
946 1185 975 1252 τί
1001 1184 1119 1271 δηποτε
1151 1184 1207 1270 την

6 1303 156 1389 νῦρωπου
185 1302 282 1387 μόνου
310 1303 429 1389 γένεσιν
456 1298 518 1388 ούχ
549 1301 592 1368 ένί
624 1299 803 1386 δημιουργῷ
836 1298 986 1384 καθάπερ
1020 1296 1111 1365 τᾶλλ’
1140 1296 1207 1364 ἀνέ-

6 1439 102 1502 ηκεν,
138 1409 213 1480 ἀλλ’
244 1413 356 1481 ὡσανεί
388 1413 540 1479 πλείοσιν·
575 1411 693 1498 εἰσάγει
723 1412 785 1498 γάρ
812 1412 866 1478 τόν
892 1411 1014 1496 πατέρα
1041 1409 1102 1476 τῶν
1127 1407 1208 1474 ὅλων

6 1533 65 1594 κυτί
98 1529 249 1615 λέγοντα·
283 1526 482 1614 ,ποιήσωμεν
519 1525 686 1610 ἄνθρωπον
719 1521 789 1588 κατ’
828 1520 934 1589 εἰκόνα
966 1515 1122 1609 ἡμετέραν
1153 1522 1208 1584 καί

7 1635 61 1705 οβ’
94 1635 274 1728 ὃμοίωσινίί.
309 1642 353 1727 μη
385 1640 447 1726 γὰρ
482 1637 587 1726 χρεῖός
620 1639 710 1722 ἐστιν,
744 1628 861 1722 εἴποιμ’
892 1633 938 1719 ἀν,
971 1627 1154 1717 οὑτινοσοῦν,
1183 1630 1264 1718 ᾧτυ

6 1749 80 1818 ἀνθ’
114 1752 261 1838 ύπηκοα;
290 1751 312 1838 ἢ
342 1753 394 1818 τὸν
422 1754 477 1839 μέν
506 1749 636 1836 οὐρανόν
662 1742 745 1835 ἡνίκ’
777 1748 874 1812 ἐποίει
900 1749 955 1811 καί
982 1746 1040 1831 την
1066 1751 1127 1831 γῆν
1153 1745 1209 1808 καί

6 1865 38 1949 ην
69 1864 251 1948 θάλατταν,
290 1862 414 1942 ούδενός
448 1861 570 1950 ἐδεήθη
604 1863 658 1927 τοῦ
691 1858 948 1946 συνεργησοντος,
978 1857 1146 1943 ἄνθρωπον
1173 1857 1209 1922 δέ

6 1975 86 2061 ραχύ
110 1977 195 2062 ζῷον
217 1974 314 2054 οὕτως
343 1977 399 2040 καί
426 1975 576 2060 ἐπίκηρον
603 1972 665 2059 οὐχ
693 1971 756 2051 οίός
783 1969 812 2037 τ’
841 1970 880 2058 ἦν
908 1971 983 2058 δίχα
1006 1967 1209 2056 συμπράξεως

6 2087 98 2172 κέρων
126 2087 222 2166 αὐτὸς
249 2083 305 2174 ἀφ’
337 2087 448 2154 ἑαυτοῦ
476 2083 781 2153 κατασκευάσασθαι
788 2107 797 2167 3
824 2083 881 2171 την
910 2085 964 2170 μέν
990 2081 1044 2148 οὖν
1069 2081 1208 2167 ἀληθεσ-

6 2197 80 2285 ῑάτην
109 2201 212 2268 αἰτίαν
237 2201 314 2268 θεὸν
345 2199 468 2287 ἀνάγκη
500 2197 591 2286 μόνον
621 2196 747 2278 εἰδέναι,
775 2197 831 2282 την
859 2189 890 2260 δ’
915 2193 1011 2260 εἰκότι
1038 2193 1208 2280 στοχασμῷ
1230 2180 1264 2253 15

6 2311 123 2398 ιιῦανην
159 2315 214 2377 καί
247 2312 377 2399 εὔλογον
410 2313 486 2378 είναι
520 2310 676 2376 δοκοῦσαν
704 2303 763 2374 οῦκ
790 2303 1022 2393 ἀποκρυπτέον·
1051 2306 1055 2393 ί
1084 2307 1148 2371 ἐστι
1176 2303 1206 2370 δ’
1226 2329 1252 2381 p.
1265 2312 1296 2366 17
1309 2312 1343 2365 Μ.

6 2421 57 2506 ηδε.
90 2431 153 2491 τῶν
180 2423 276 2491 ὄντων
303 2425 342 2491 τά
372 2427 426 2511 μέν
455 2420 520 2488 οὔτ’
553 2419 666 2508 ἀρετῆς
694 2420 765 2486 οὔτε
790 2420 906 2498 κακίας
931 2419 1070 2506 μετέχει,
1104 2411 1209 2502 ὥσπερ

6 2534 69 2616 ρυτά
93 2538 148 2600 καί
176 2535 245 2622 ζῷα
274 2535 391 2621 ἀλογα,
419 2535 459 2600 τά
488 2536 542 2621 μέν
571 2531 616 2598 ότι
644 2531 754 2619 ἀψυχά
780 2529 810 2596 τ’
841 2533 905 2598 ἐστί
937 2532 991 2596 καί
1023 2528 1209 2618 ἀφαντάστῳ

6 2643 76 2728 φύσει
102 2649 273 2729 διοικεῖται,
301 2647 341 2713 τά
371 2649 403 2712 δ’
432 2645 478 2712 ὅτι
505 2646 575 2712 νοῦν
602 2646 657 2710 καί
684 2643 779 2731 λόγον
808 2643 1008 2729 ἐκτὲτμηται’
1037 2642 1152 2721 κακίας
1174 2642 1210 2708 δὲ

74 2871 87 2923 1
106 2871 254 2938 χειμάρρου
274 2873 302 2924 αἳ
319 2869 416 2938 τρόπον
434 2872 575 2936 ἐκχέονται
591 2867 802 2936 κατακλύσωσιν,
816 2871 961 2921 ἐπιδίδωσιν
980 2864 1051 2935 αύτῷ
1068 2867 1099 2920 τό
1118 2869 1175 2935 φιῦς
1193 2865 1207 2920 ό

6 2954 55 3018 ίεὸς
71 2955 104 3021 ὡς
120 2966 178 3022 ταῖς
197 2960 255 3012 κτλ.
275 2957 312 3011 Μ
379 2956 592 3010 ἀσκοτοδεινιάν
616 2954 857 3023 ίζσκοτοδινιῶντι
875 2954 912 3009 M
984 2954 1051 3025 ἐπεί]
1071 2955 1161 3024 ἐπειδη
1176 2953 1213 3008 Μ

30 3043 166 3114 ἐμφερὴς
194 3040 373 3111 ἀρχετύπῳ
396 3047 645 3111 παραδείγματι
667 3040 828 3100 VMPFa:
852 3038 992 3108 ἀρχετύπῳ
1014 3045 1211 3109 παραδείγματι

6 3127 144 3196 ὲνφερηςῦ
210 3130 500 3199 3προσυπεσημηνατο
519 3129 549 3183 F
616 3127 669 3198 τῷ]
688 3130 718 3182 τὸ
736 3128 768 3183 D
837 3127 1047 3197 ύέκμαγίουίῙ
1114 3125 1210 3182 6ἀπο-

7 3211 63 3279 ρηση
84 3215 120 3269 Μ
197 3218 245 3285 την
269 3234 323 3272 0111.
342 3216 372 3271 F
452 3213 562 3270 7τάλλ’
583 3216 615 3270 ἀν
638 3219 738 3284 έθηκεν
755 3215 786 3268 D
867 3216 947 3268 8τόν
964 3215 1034 3269 ὅλων
1052 3214 1140 3286 ΗῙΚ,
1158 3218 1210 3268 τῶν

6 3295 62 3350 ὅλων
74 3319 158 3360 σιμά
212 3306 316 3358 9ταυτί
327 3303 452 3374 λέγοντα]
465 3299 539 3357 τουτ’
556 3307 579 3355 εἰ
590 3305 705 3371 λέγοντα
722 3301 753 3368 V,
766 3298 936 3369 ἀντιλέγοντα
952 3302 1012 3356 BD
1065 3304 1099 3356 10
1111 3298 1207 3369 εἴποιμ’

6 3382 39 3454 ἀν]
56 3391 241 3456 εἰποιμανέςΙ)
313 3392 342 3444 11
363 3385 450 3444 πάντα
467 3389 539 3445 ουάά.
601 3395 649 3444 καί
667 3391 714 3458 την
732 3390 782 3459 γῆν
801 3388 896 3444 om.V
962 3394 1009 3444 καί
1027 3390 1077 3458 γῆν
1094 3393 1142 3442 καί
1158 3388 1209 3442 δά-

7 3471 136 3530 λαττανΜ
199 3479 231 3531 11
249 3479 422 3535 θάλασσανί)
488 3476 741 3546 συνεργήσαντοςΙ)
807 3479 838 3534 13
851 3481 988 3544 ἐπίκαιρον
1006 3476 1044 3532 Μ
1103 3477 1136 3530 14
1159 3471 1208 3544 ἀφ’

8 3558 107 3614 ἑαυτοῦ
127 3564 216 3632 Mang.
237 3565 420 3634 (Markland):
439 3559 480 3632 ἀφ’
496 3567 595 3618 ἑαυτοῦ
613 3562 686 3618 υυάύ.
759 3566 792 3619 18
814 3563 906 3631 ἄψυχά
925 3567 980 3616 ἐστι
1002 3569 1023 3620 b
1095 3564 1127 3617 19
1151 3562 1210 3618 διώ-

8 3657 73 3708 κηται
89 3647 123 3702 Μ
176 3651 251 3720 νοῦν]
271 3655 319 3704 καί
329 3653 390 3704 νοῦν
406 3669 430 3708 ω
484 3654 530 3704 νοῦ
553 3655 601 3705 καί
617 3650 700 3719 λόγου
720 3650 757 3705 Μ
806 3650 976 3723 ἐκτέτμηται]
996 3647 1027 3704 ού
1039 3654 1169 3719 κέκτηται
1186 3667 1211 3710 α

10 3765 292 3784 Ἢ

10 3833 73 3898 δησιν
88 3843 131 3890 καί
153 3845 228 3893 οἶκον
250 3840 352 3907 πατρὸς
374 3839 419 3892 τόν
441 3839 523 3906 λόγον
546 3842 704 3907 καταλίπῃς,
728 3835 800 3893 ἀλλά
822 3845 869 3893 καί
892 3841 991 3908 σαυτην
1009 3834 1146 3908 ἀπόδραδι
1162 3845 1211 3894 καί

12 3919 104 3989 έκοτηῦι
118 3930 239 3996 σεαυτῆς,
257 3927 385 3995 καθάπερ
405 3931 431 3980 οί
447 3930 670 3994 κορυβαντιῶντες
691 3932 739 3980 καί
761 3929 945 3996 κατεχόμενοι,
965 3931 1145 3996 βακχευῦεῒσα
1162 3932 1211 3981 καί

12 4005 190 4079 θεοφορηῦεῖσα
212 4014 285 4067 κατά
308 4032 366 4067 τινα
388 4016 554 4083 προφητικὸν
578 4015 760 4082 έπιθειασμόν·
784 4016 962 4083 ἐνδουσιώσης
985 4015 1037 4084 γάρ
1055 4021 1103 4070 καί
1121 4010 1210 4068 ούκέτι

15 4089 80 4160 οὔσης
95 4100 120 4149 ἐν
136 4103 218 4168 ἑαυτῇ
237 4105 363 4167 διανοίας,
387 4097 448 4155 ἀλλ’
476 4104 555 4168 ἐρωτι
577 4097 688 4168 ούρανίῳ
707 4106 885 4173 σεσοβημένης
902 4107 950 4156 καί
968 4105 1145 4170 ἐκμεμηνυίας
1162 4106 1210 4155 καί

14 4172 56 4230 ἅνω
71 4184 130 4249 πρὸς
147 4184 226 4241 αότόν
238 4191 418 4256 εἱλκυσμένης,
432 4189 575 4256 προϊούσης
588 4184 720 4256 ἀληθείας
738 4193 785 4241 καί
802 4190 836 4242 τά
849 4193 876 4242 ἐν
894 4195 969 4244 ποσίν
987 4184 1208 4256 ἀναστελλούσης,

15 4263 48 4355 ἵνα
67 4271 128 4323 κατά
149 4274 288 4342 λεωφόρου
314 4277 397 4340 βαίνοι
417 4276 466 4343 τῆς
489 4273 562 4342 ὁδοῦ,
585 4276 614 4328 τό
639 4277 765 4342 γενέσθαι
786 4279 837 4329 τῶν
860 4279 940 4329 θείων
956 4275 1137 4342 κληρονόμον.
1174 4275 1208 4327 de

16 4351 51 4400 M
71 4361 206 4429 contempl.
230 4361 325 4414 11473
343 4365 369 4413 οἱ
387 4357 410 4413 δ’
432 4365 475 4414 ἐπί
492 4365 639 4428 θεραπείαν
658 4361 741 4425 ἰόντες
760 4360 821 4414 οὔτε
839 4366 867 4424 ἐξ
892 4365 972 4426 δέους
991 4361 1053 4414 οὔτε
1071 4365 1104 4414 ἐκ
1121 4378 1208 4428 παρα·

17 4434 148 4512 11111511)ςῆ
167 4447 346 4513 παραινέσεων
364 4465 452 4514 τινων,
471 4444 533 4502 ἀλλ’
555 4444 599 4501 ὑπ’
622 4451 721 4516 έρωτος
740 4447 921 4515 ἁρπασθέντες
940 4444 1062 4516 οὐρανίου
1080 4448 1208 4516 καθάπερ

18 4521 37 4566 01
56 4525 229 4599 βακχευόμενοι
250 4539 299 4587 καί
321 4538 543 4601 κορυβαντιῶντες
570 4535 781 4602 ἐνῦουσιάζουσι,
809 4539 901 4603 μέχρις
927 4535 959 4587 ἀν
985 4535 1015 4588 τό
1043 4536 1209 4603 ποθούμενον

17 4604 94 4664 ἴδωσιν.
155 4619 185 4673 17
198 4637 259 4689 sqq.
273 4623 308 4674 de
325 4621 396 4676 conf.
409 4622 474 4690 ling.
488 4623 561 4676 1431
576 4639 617 4690 sq.
634 4621 651 4690 ἡ
666 4626 712 4690 μέν
724 4623 800 4690 φύσις
812 4625 863 4675 τῶν
876 4622 950 4689 ζῳων
964 4626 1001 4686 εἰς
1013 4618 1037 4674 τ’
1051 4622 1150 4691 ἀλογον
1161 4627 1209 4676 καί

20 4688 109 4763 ίίίῦῦν
125 4712 211 4773 μοῖραν
230 4711 348 4772 ἐναντίας
367 4702 498 4777 ἀλλήλαις
517 4711 621 4778 ἐτμήθη
640 4710 670 4762 τὸ
689 4713 805 4777 πρῶτον·
824 4707 841 4778 ἡ
861 4705 884 4761 δ’
907 4709 940 4761 αῦ
958 4711 1054 4778 λογικη
1074 4709 1152 4764 πάλιν
1171 4714 1209 4775 εἰς
