3166 5234
1175 365 1275 432 XLIX

53 558 232 622 aPhilone
255 555 468 639 coniungitur
491 556 534 621 ad
557 556 747 637 exemplum
762 555 931 620 Platonis:
954 555 1049 634 5136
1072 547 1166 620 ὁλκὸν
1187 553 1274 638 ὕλην.

54 670 127 746 543
158 661 255 732 ὁλκοῦ
284 665 457 753 δυνάμεως.
488 667 577 750 quod
606 667 670 732 det.
698 671 767 749 pot.
801 666 900 732 insid.
923 667 937 732 Ι
963 668 1026 733 309
1050 664 1143 744 ὁλκὸς
1169 664 1275 752 γὰρὴ

55 779 181 867 δύναμις
204 776 314 846 αὐτοῦ.
338 781 380 846 de
408 783 495 863 post.
521 779 616 844 Caini
638 780 652 841 l
674 779 737 844 339
759 775 876 864 ἡδονῆς
898 771 994 844 ὁλκοῦ
1024 780 1125 860 (hanc
1149 779 1275 844 codicis

54 893 206 959 Vaticani
241 893 442 976 scripturam
475 891 510 956 in
541 888 695 975 ἑλκούσης
728 895 854 956 temere
887 891 1028 956 mutavit
1050 890 1279 956 Tischendorl

55 1005 188 1069 Philon.
211 1025 244 1088 p.
270 1005 391 1087 1043).
421 1005 461 1068 de
486 1022 593 1068 somn.
617 1002 631 1067 Ι
653 1003 714 1067 633
744 999 789 1066 ὅτι
812 994 906 1066 ὁλκὸν
933 999 995 1086 σἰἠρ
1019 1003 1086 1087 ἔχει
1108 1000 1210 1086 φύσιν.
1233 1002 1276 1066 de

54 1117 180 1182 Abrah.
204 1116 231 1180 ll
256 1117 292 1180 11
318 1108 430 1192 ὁλκοὺς
453 1115 578 1200 ἔχοντες
601 1111 757 1198 δυνάμεις.
787 1115 828 1178 de
851 1116 1024 1180 monarch.
1048 1114 1075 1179 11
1096 1115 1159 1178 339
1188 1110 1278 1178 ὁλκοὶ

55 1229 107 1290 καὶ
132 1220 289 1312 esici-{uque
312 1225 456 1292 διάνοιαι.
480 1229 543 1309 leg.
565 1227 608 1292 ad
632 1227 701 1292 Cal.
724 1227 836 1292 11585
859 1224 953 1304 ὁλκὸς
975 1223 1109 1310 δύναμις.

141 1331 347 1424 ἁρμόττειν
369 1345 403 1404 et
426 1331 573 1423 ἁρμόζειν
597 1337 788 1420 promiscue
810 1339 908 1403 Philo
931 1337 1062 1403 videtur
1084 1355 1276 1419 usurpasse,

57 1452 115 1515 sed
152 1451 360 1534 frequentior
393 1471 474 1516 usus
509 1450 637 1515 formae
661 1449 806 1516 Atticae:
841 1450 880 1514 oi.
915 1450 1020 1528 4436.
1054 1449 1159 1528 5831.
1193 1448 1276 1528 663.

58 1564 164 1628 altera
186 1563 295 1628 forma
318 1559 479 1650 (ἥρμοζεν)
509 1562 630 1644 legitur
659 1561 741 1640 533.
770 1561 859 1625 inter
887 1561 1012 1626 formas
1035 1558 1216 1644 τέτταρες
1245 1563 1278 1625 et

56 1675 213 1760 τέσσαρες,
236 1672 414 1739 θάλαττα
437 1679 470 1740 et
492 1672 652 1756 θάλασσα,
675 1673 813 1738 fluctuat
836 1672 1001 1755 scriptura
1025 1673 1193 1750 codicum;
1218 1672 1277 1738 sed

59 1787 191 1869 saepius
215 1786 312 1851 Philo
336 1786 467 1851 videtur
488 1806 570 1851 usus
594 1805 669 1850 esse
692 1785 810 1850 formis
833 1784 969 1850 Atticis.
1000 1785 1154 1850 similiter
1176 1785 1277 1850 modo

57 1895 116 1960 ἀεί
139 1897 242 1962 modo
266 1896 340 1960 αἰεί
361 1897 492 1961 videtur
516 1896 707 1979 scripsisse:
737 1895 869 1978 longior
892 1895 1000 1960 forma
1028 1895 1172 1962 traditur
1193 1897 1277 1976 930.

58 2009 162 2088 3336.
186 2009 290 2087 5333.
322 2008 362 2073 cf.
391 2008 431 2072 de
462 2027 549 2090 spec.
579 2008 641 2090 leg.
669 2029 703 2090 p.
727 2007 807 2084 737.
832 2007 936 2085 3330.
960 2007 1043 2086 393.
1067 2007 1149 2084 38,6.
1172 2007 1277 2085 4134.

58 2121 129 2200 603
155 2119 382 2202 (Tischend.).
411 2117 614 2203 κρείττονα
643 2119 835 2201 similesque
865 2118 990 2182 formas
1014 2118 1157 2182 alternat
1180 2117 1278 2182 Philo

62 2251 136 2298 cum
161 2231 279 2295 formis
303 2231 392 2313 apud
413 2231 544 2296 Atticos
566 2231 799 2297 usitatioribus
823 2229 917 2316 μείζω
940 2235 973 2296 et
997 2231 1172 2297 similibus.

143 2344 323 2424 Vulgarem
345 2362 443 2407 usum
459 2342 557 2408 Philo
582 2347 716 2409 secutus
740 2348 792 2408 est
815 2343 849 2407 in
872 2343 926 2408 his
950 2343 1068 2408 formis
1084 2345 1278 2409 verborum:

58 2448 73 2517 ὁ
96 2453 226 2531 σίελος
256 2453 340 2518 dixit
361 2453 466 2534 4530,
490 2473 565 2518 cum
589 2474 699 2520 sermo
724 2455 854 2520 Atticus
882 2455 1070 2537 postularet
1098 2453 1132 2518 τὸ
1155 2454 1276 2520 σίαλον.

59 2565 97 2631 cf.
120 2567 194 2632 Ael.
217 2565 355 2649 Dionys.
379 2585 430 2648 ap.
456 2563 547 2630 Eust.
571 2587 602 2648 p.
635 2567 780 2645 1390‚57.
803 2565 926 2632 Moeris
949 2567 1017 2631 Att.
1041 2565 1148 2631 σίαλον
1177 2567 1208 2631 ἐν
1235 2567 1278 2652 τῷ

59 2683 78 2738 ᾰ
102 2677 159 2740 καὶ
188 2668 357 2760 οὐδετέρως
375 2673 515 2759 Ἀττικοί,
539 2674 640 2742 σίελον
668 2677 700 2742 ἐν
727 2683 769 2763 τῷ
797 2683 813 2740 ὲ
841 2677 895 2741 καὶ
924 2669 1092 2762 ἀρσενικῶς
1108 2675 1277 2764 Ἕλληνες.

58 2784 190 2864 καθώς
220 2787 255 2852 in
277 2787 390 2852 libello
415 2788 456 2852 de
486 2787 616 2870 opificio
641 2789 757 2853 mundi
781 2791 884 2854 semel
907 2790 1027 2872 legitur
1049 2790 1132 2870 67,6,
1157 2791 1277 2856 ceteris

59 2899 141 2963 locis
176 2898 335 2964 omnibus
370 2899 478 2963 forma
506 2899 617 2964 Attica
645 2897 795 2984 καθάπερ
828 2922 909 2966 usus
944 2906 996 2966 est
1023 2901 1136 2966 Philo.
1171 2901 1279 2967 forma

58 3007 169 3088 καθώς
197 3010 276 3074 inde
304 3010 346 3074 ab
374 3011 556 3074 Aristotele
586 3011 717 3076 demum
746 3013 905 3078 occurrit:
934 3012 973 3077 cf.
1005 3013 1101 3077 Sturz
1131 3014 1172 3076 de
1203 3013 1277 3078 dial.

58 3122 183 3186 Maced.
207 3126 241 3186 et
263 3122 356 3186 Alex.
381 3142 413 3204 p.
437 3122 478 3187 74
502 3142 574 3204 sqq.
597 3123 730 3188 Lobcck
758 3124 801 3188 ad
823 3124 945 3207 Phryn.
975 3145 1006 3206 p.
1030 3125 1102 3189 435.
1133 3124 1277 3190 fortasse

60 3233 112 3296 illc
139 3233 214 3298 loco
237 3251 299 3315 pro
322 3229 434 3308 καθώς
457 3233 692 3314 corrigendum
717 3237 767 3299 est
790 3231 880 3298 καθ’
898 3231 961 3311 οὕς
984 3233 1066 3317 (scil.
1091 3233 1202 3320 νόμους
1224 3237 1279 3300 καὶ

59 3341 218 3429 θεσμούς).
244 3339 385 3427 ἰχθύας
407 3344 550 3408 formam
566 3345 736 3426 vulgarem
760 3345 895 3427 scripsit
916 3348 1074 3427 333014,
1100 3348 1127 3412 si
1152 3349 1277 3414 codicis

65 3451 93 3516 V
120 3455 356 3520 auctoritatem
391 3455 570 3538 sequimur.
615 3456 717 3521 Attici
752 3456 907 3522 dicebant
942 3457 1049 3543 ῑχοος;
1084 3459 1124 3526 cf.
1153 3461 1276 3543 Phryn.

60 3567 156 3632 Bekk.
176 3569 240 3632 An.
256 3567 353 3646 4430
376 3565 482 3650 ἰχθῦς·
506 3558 527 3650 ἡ
552 3564 705 3652 αἰτιατική
728 3573 787 3632 τῶν
810 3568 1042 3652 πληθυντικῶν·
1061 3563 1278 3656 Ἀττικώτερον

58 3677 138 3764 ῆτερ
159 3677 290 3764 ἰχθύας.
324 3677 530 3766 Δήμητραν
553 3680 695 3746 formam
710 3681 891 3746 accusativi
906 3684 1077 3763 vulgarem
1093 3682 1177 3748 dixit
1193 3683 1276 3763 503.

60 3790 142 3855 δυσί
169 3791 272 3856 dativi
302 3791 412 3858 forma
439 3792 575 3874 vulgari,
613 3812 697 3875 quae
725 3793 814 3875 apud
843 3792 1025 3874 scriptores
1048 3793 1178 3859 Atticos
1208 3814 1277 3859 non

61 3902 232 3984 reperitur,
271 3921 353 3966 usus
394 3907 446 3967 est
477 3903 583 3982 4133.
623 3903 738 3982 4533.
773 3903 855 3982 66,5.
890 3895 1149 3969 ὑπολέλειπτο
1183 3907 1277 3984 3139

61 4014 194 4097 scripsit
228 4018 407 4096 augmento
438 4016 605 4096 neglecto:
639 4016 728 4098 apud
756 4015 937 4100 scriptores
965 4018 1095 4084 Atticos
1124 4020 1278 4100 exempla

61 4123 155 4190 huius
177 4145 260 4191 usus
289 4144 365 4190 rara
389 4128 481 4202 sunt;
506 4126 546 4191 cf.
575 4127 722 4206 Kirhner,
746 4127 800 4192 Gr.
824 4129 879 4193 Gr.
902 4129 916 4192 l
943 4149 974 4212 p.
999 4129 1124 4208 50631.
1170 4130 1276 4208 Stahl‚

62 4233 193 4312 Quaest.
209 4256 348 4320 gramm.
365 4236 408 4301 ad
424 4237 531 4302 Thuc.
546 4238 667 4319 pertin.
689 4260 721 4321 p.
739 4237 806 4302 59².
850 4238 1187 4324 προευτρεττίσατο
1203 4240 1275 4317 383

62 4347 132 4412 sine
153 4353 332 4432 augmento
356 4349 391 4414 in
417 4348 513 4414 libris
537 4350 673 4432 optimis
697 4354 870 4415 exaratum
893 4355 954 4429 est,
983 4352 1063 4416 item
1087 4351 1128 4415 de
1149 4370 1275 4433 praem.
1361 4409 1365 4418 ,

62 4463 92 4522 et
119 4480 216 4542 poen.
245 4461 273 4526 ΙΙ
304 4461 384 4526 409ι
418 4481 437 4524 a
464 4459 685 4543 scriptoribus
708 4461 828 4526 Atticis
858 4467 1072 4544 augmentum
1106 4463 1141 4527 in
1164 4462 1276 4527 verbis

62 4589 144 4652 quae
171 4592 191 4638 a
219 4571 428 4654 diphthongo
452 4591 486 4634 ευ
516 4571 681 4655 incipiunt
704 4593 773 4638 non
797 4573 997 4656 neglegitur3
1026 4575 1067 4640 cf.
1091 4575 1187 4640 Stahl
1211 4575 1230 4638 l.
1255 4574 1275 4639 l.

62 4701 91 4762 p.
113 4683 154 4746 59
177 4703 225 4768 sq.
272 4682 474 4770 ένδιμτᾶτο
497 4684 591 4764 5433
620 4685 765 4752 traditur
793 4691 827 4752 et
855 4683 1026 4772 ένδιιμικ16ρ
1056 4686 1166 4765 633οι
1195 4686 1275 4750 item

1089 4803 1123 4862 lV
