3142 5238
597 369 635 436 13

510 461 714 472 ——-—...—..

22 581 81 668 τῷ
113 579 256 668 μεγέθει
277 582 332 648 καὶ
353 579 409 660 τοὶς
429 578 598 668 ποιότητας
620 575 780 665 ἀλλάττει,
810 577 960 666 καθάπερ
987 577 1046 646 ὑπό
1068 579 1227 667 γραφικῆς

10 693 175 782 ιστήμης
196 693 343 783 χρώμασι
365 694 524 781 διαφόροις
545 693 791 782 ποικιλλόμενος.

64 806 143 873 13.
175 801 233 874 Ἐν
255 810 291 873 δέ
312 809 351 894 τῇ
373 806 483 894 πρώτη
506 809 625 894 γενέσει
642 809 702 874 τῶν
718 807 809 892 ὅλων,
831 805 984 892 καθάπερ
1006 807 1094 893 ἔφην,
1118 799 1226 885 ὁθεὸς

10 942 117 985 ιασαν
146 918 207 1005 τίγν
226 921 287 985 τῶν
309 926 411 1006 φυτῶν
433 919 512 1006 ὕλην
533 921 571 985 ἐκ
593 921 652 1006 γῆς
674 919 817 986 ἀνεδίδου
838 919 959 985 τελείαν
979 917 1119 1003 καρποὺς
1134 919 1226 1004 έχου-

10 1055 30 1096 ν
59 1025 135 1096 οὐκ
162 1025 282 1110 ἀτελεῖς
304 1025 377 1096 ἀλλ’
394 1025 609 1118 ἀκμάζοντας,
639 1034 682 1110 είς
710 1029 911 1119 ἑτοιμοτάτην
938 1033 993 1096 καὶ
1015 1023 1226 1116 άνυττέρθετον
1267 1039 1282 1084 ⁵

10 1145 100 1228 1ῆσιν
129 1146 192 1208 καὶ
213 1136 386 1209 ἀπόλαυσιν
407 1141 497 1230 ζῴων
510 1147 572 1210 τῶν
588 1142 701 1208 αὐτίκα
715 1143 940 1230 γενησομένων.
965 1135 1054 1229 ὁμέν
1074 1142 1114 1227 δι]
1130 1165 1224 1229 προσ-

10 1279 84 1320 ττει
118 1262 168 1342 τῇ
194 1257 237 1342 γη]
264 1257 362 1321 ταῦτα
389 1258 552 1342 γεννῆσαι·
586 1253 607 1342 ν]
632 1254 663 1321 δ’
681 1255 785 1342 ῶσπερ
813 1257 851 1321 ἐκ
877 1254 997 1320 πολλοῦ
1023 1261 1225 1340 κυοφοροῡσα

10 1371 29 1432 ιὶ
55 1366 230 1434 ὠδίνουσα
252 1369 348 1435 τίκτει
368 1367 473 1448 πάσας
496 1372 552 1457 μέν
573 1368 628 1448 τοὶς
650 1371 805 1456 σπαρτῶν,
828 1367 931 1448 πάσας
953 1371 989 1434 δὲ
1010 1369 1065 1446 τοὶς
1081 1367 1224 1453 δένδρων,

10 1503 19 1544 ι
44 1482 86 1545 δὲ
113 1482 254 1567 καρπῶν
277 1479 449 1567 ἀμυθήτων
472 1481 564 1560 ἰδέας.
595 1480 661 1546 ἀλλ’
676 1480 712 1546 οῶ
736 1480 828 1567 μόνον
842 1479 924 1567 ἦσαν
939 1480 969 1546 οί
982 1483 1100 1567 καρποί
1113 1481 1226 1566 τροφαί

10 1591 90 1676 ίοις,
127 1586 217 1658 ἀλλά
245 1596 301 1658 καί
322 1597 522 1680 παρασκευαὶ
543 1593 619 1680 πρὸς
641 1591 699 1680 την
719 1599 779 1659 τῶν
801 1587 915 1680 ὁμοίων
938 1586 987 1658 ἀεί
1008 1593 1142 1679 γένεσιν,
1170 1593 1225 1670 τάς
1247 1600 1282 1646 10

10 1704 212 1790 ιερματικάς
235 1704 342 1783 οόσίας
363 1705 570 1792 περιέχοντες,
601 1706 633 1771 ἐν
656 1705 703 1783 αίς
726 1703 838 1790 ἄδηλοι
861 1707 916 1770 καί
938 1704 1064 1790 ἀφανεῖς
1086 1705 1116 1771 οί
1136 1703 1225 1791 λόγοι

10 1817 39 1882 όν
64 1816 160 1884 ὅλων
184 1818 251 1903 εἰσί,
279 1819 369 1904 δῆλοι
392 1821 447 1884 καί
468 1821 597 1904 φανεροὶ
618 1816 771 1904 γινόμενοι
793 1825 911 1903 καιρῶν
932 1815 1099 1903 περιόδοις·
1136 1817 1225 1904 ἐβου-

10 1927 73 2014 ]θη
99 1929 172 2016 γάρ
195 1929 213 1995 ό
235 1931 312 2009 θεὸς
334 1929 508 2018 δολιχεόειν
529 1929 586 2016 την
612 1930 701 2016 φύσιν
729 1924 973 2010 ἀπαθανατίζων
1000 1928 1040 1995 τά
1067 1928 1142 2015 γένη
1170 1932 1225 1993 καί

10 2040 182 2119 εταδιδοὺς
210 2036 312 2120 αὐτοῖς
346 2041 534 2127 ἀιδιότητος·
565 2041 602 2108 οὔ
623 2041 716 2130 χάριν
744 2045 799 2107 καί
825 2040 928 2128 ἀρχὴν
955 2040 1032 2128 πρός
1053 2041 1142 2118 τέλος
1163 2041 1224 2127 ηγε

10 2153 38 2216 κί
62 2153 248 2219 έπέσπευδε
270 2158 325 2220 καί
346 2155 434 2233 τέλος
457 2148 509 2220 ἐπ’
527 2154 631 2242 ἀρχην
660 2148 873 2242 ἀνακάμπτειν
901 2155 1012 2220 ἐποίει·
1046 2155 1084 2220 έκ
1106 2175 1140 2219 τε
1161 2152 1222 2240 γάρ
1246 2162 1280 2208 1⁵

10 2266 92 2331 υτῶν
116 2265 137 2330 δ
163 2265 294 2352 καρπός,
318 2260 360 2346 ῶς
383 2265 419 2333 ἀν
442 2267 475 2346 ἐξ
496 2261 600 2353 ἀρχῆς
621 2267 725 2352 τέλος,
753 2270 808 2333 καὶ
830 2268 868 2332 ἐκ
889 2267 1014 2352 καρποῦ
1035 2265 1071 2331 τό
1099 2265 1224 2352 σπέρμα

11 2377 197 2463 εριέχοντος
213 2379 251 2445 ἐν
274 2379 374 2466 ἐαυτῷ
397 2379 489 2446 πάλιν
508 2379 544 2444 τὸ
567 2378 670 2464 φυτόν,
695 2372 736 2457 ῶς
758 2378 795 2444 ἀν
818 2380 856 2444 ἐκ
877 2379 985 2456 τέλους
1007 2371 1103 2464 ἀρχή.

75 2505 139 2573 14.
180 2505 230 2593 Τῇ
252 2508 288 2572 δέ
309 2506 441 2595 τετάρτη
465 2501 569 2595 ἡμέρᾳ
594 2506 671 2594 μετά
693 2507 751 2594 την
772 2513 833 2594 γῆν
852 2506 905 2573 τόν
920 2501 1050 2593 σόρανδν
1066 2507 1224 2574 έποίκιλλε

10 2621 188 2705 ιακοσμῶν,
212 2613 271 2684 οὐκ
294 2618 402 2704 ἐπειδη
425 2627 533 2685 τοῦτον
556 2620 587 2686 έν
609 2612 727 2705 ὑστέρῳ
750 2619 810 2705 γῆς
825 2620 942 2704 ἔταττε,
959 2625 999 2706 τ’]
1015 2621 1070 2706 μὲν
1086 2619 1224 2685 ἐλάττονι

10 2727 80 2794 ιύσει
109 2732 284 2818 προνομίαν
312 2731 429 2816 διδούς,
458 2731 515 2819 τὴν
537 2734 573 2797 δέ
595 2731 756 2817 κρείττονα
779 2733 834 2796 καί
857 2731 1021 2816 θειοτέραν
1043 2732 1223 2817 δευτερείων
1244 2742 1280 2790 20

10 2839 92 2924 ίξιῶν,
118 2837 198 2908 ἀλλ’
216 2845 257 2921 εἰς
280 2843 403 2923 ἔνδειξιν
426 2841 655 2929 ἐναργεστάτην
677 2841 812 2928 κράτους
834 2836 945 2929 ἀρχῆς.
978 2842 1147 2931 προλαβών
1161 2842 1222 2930 γάρ

10 2955 62 3035 ιερί
84 2961 148 3021 τῶν
178 2955 265 3020 οὔπω
292 2954 464 3042 γεγονότων
494 2955 497 3043 ]
534 2949 719 3041 ἀνθρώπων,
755 2955 813 3020 οίοι
845 2953 900 3033 τὰς
932 2953 1057 3041 γνώμας
1091 2955 1221 3040 έσονται,
1240 2976 1267 3027 p.
1279 2961 1311 3013 10
1323 2959 1357 3016 Μ.

80 3197 160 3265 Ἱτῇ
184 3200 220 3265 γῇ
243 3214 296 3252 om.
315 3196 343 3250 P
405 3200 491 3250 ταῦτα
508 3200 541 3265 τῇ
559 3200 595 3266 γῇ
615 3197 648 3252 Μ
711 3202 855 3268 γεννῆσαι]
883 3201 1009 3267 γενέσθαι
1026 3199 1053 3254 Ρ
1111 3194 1222 3253 8ῶδεί-

10 3295 75 3334 ιουσα
89 3283 116 3338 V
169 3280 219 3348 τάς
231 3288 364 3354 σπαρτῶν]
379 3287 429 3338 τῶν
448 3289 570 3353 σπαρτῶν
588 3303 620 3352 α,
638 3286 687 3351 τάς
699 3289 750 3339 τῶν
762 3289 885 3354 σπαρτῶν
897 3287 924 3340 Ρ
975 3282 1024 3352 τάς
1037 3287 1159 3356 δένδρων]
1172 3290 1223 3339 τῶν

10 3369 107 3435 ιένδρων
125 3371 168 3438 D,
185 3367 235 3437 τάς
258 3375 308 3425 τῶν
331 3377 444 3440 δένδρων
466 3373 494 3428 Ρ
569 3375 585 3426 9
612 3376 651 3425 έτι
673 3377 720 3437 δέ]
745 3377 793 3426 καί
816 3373 853 3428 Μ
859 3393 865 3438 ;
893 3378 932 3427 έτι
950 3379 980 3427 δὲ
997 3377 1107 3441 καρπῶν
1126 3390 1179 3428 om.
1200 3391 1223 3429 a

32 3449 436 3530 ἀμυθήτωνῩΡδεάμυθητους
446 3459 509 3516 Ma
555 3461 641 3530 τροφὴ
654 3459 714 3513 BD
762 3464 795 3515 10
807 3462 964 3530 παρασκευὴ
977 3460 1037 3514 BD
1077 3457 1120 3514 ἀεί
1132 3460 1224 3515 om.P

34 3545 115 3598 verba
133 3547 184 3612 τοὶς
202 3547 427 3614 οπερματικάς-
438 3549 470 3601 12
483 3548 617 3616 περιόδοις
635 3565 689 3602 om.
702 3547 730 3601 P
801 3549 830 3602 11
851 3553 1066 3616 περιέχοντες
1083 3547 1122 3603 V:
1136 3552 1222 3616 περιέ-

10 3642 90 3690 χουσαι
115 3633 197 3688 σείοντ’
280 3638 326 3701 μέν
352 3640 417 3704 post
443 3634 542 3703 άδηλοι
569 3640 597 3689 ει
618 3639 648 3687 δέ
668 3639 732 3704 post
753 3638 830 3704 δῆλοι
852 3637 914 3690 add.
933 3636 1022 3703 Mang.
1042 3635 1222 3705 (christoph.)

38 3716 66 3768 12
83 3721 221 3788 γενόμενοι
238 3721 269 3774 D
341 3724 372 3776 13
394 3718 652 3788 ἀπαθανατίζων
675 3720 717 3777 V:
737 3717 904 3788 ἀθανατίζων
920 3722 999 3777 ceteri
1071 3725 1103 3778 14
1122 3720 1222 3794 αὐτοῖς]

10 3793 148 3872 ἀνθρώποις
167 3807 226 3862 BD
278 3810 361 3877 πρὸς
378 3808 834 3877 τέλοςῨΜαιπρδςτότέλοςδ
892 3811 924 3864 15
942 3810 1130 3867 έοπευδεΜα
1182 3810 1221 3880 τε]

10 3891 100 3950 μὲίΜ
150 3896 183 3949 16
206 3895 619 3962 τέλοςῩΜΕαιτότέλοςδ
671 3901 778 3965 καρποῦ
796 3897 902 3954 VMa:
920 3898 1068 3966 καρπῶνδ
1127 3899 1158 3952 17
1177 3916 1222 3952 πε-

10 3978 132 4046 Ρῑέχοντος
155 3983 238 4040 VMb
256 4003 262 4037 ι
280 3987 403 4052 περιέχον
427 4002 450 4040 a
508 3984 597 4055 πάλιν]
616 3985 668 4037 πάν
692 3980 770 4039 VMk
826 3988 873 4038 τοῦ
892 3984 975 4052 φυτοῦ
997 3983 1034 4039 Μ
1083 3981 1170 4054 ἀρχῆς
1189 3983 1226 4038 Μ

41 4063 70 4116 18
85 4072 117 4136 τῇ
131 4077 196 4126 ante
207 4070 296 4140 ἡμέρα
314 4074 376 4126 add.
389 4071 420 4125 D
483 4074 515 4127 19
534 4075 686 4139 διακοσμῶν
704 4071 795 4126 ουκΡ
858 4076 909 4141 γῆς
925 4071 1017 4128 VPb:
1035 4071 1084 4140 τῆς
1095 4075 1146 4139 γῆς
1159 4068 1222 4126 Ma

41 4150 68 4202 21
90 4158 281 4226 έναργεστάτου
293 4157 353 4212 BD
421 4159 550 4230 κράτους]
562 4159 684 4228 καρποῶς
696 4159 727 4212 D
796 4159 830 4212 δέ
849 4163 900 4213 οίοι
916 4158 986 4215 Pb:
1005 4161 1030 4212 οἳ
1044 4156 1130 4214 VMa

14 4269 304 4294 κ*-

90 4349 117 4400 11
138 4367 199 4420 sqq.
218 4354 253 4406 de
270 4352 355 4420 plant.
368 4352 381 4404 Ι
393 4353 445 4405 330
457 4369 499 4422 sq.
518 4351 600 4420 νόμος
618 4345 673 4403 δ’ὁ
693 4345 777 4415 ἀίδιος
795 4348 861 4403 θεοῦ
880 4350 927 4402 τοῦ
947 4351 1051 4402 αἰωνίου
1069 4347 1100 4401 τό
1119 4343 1221 4415 ὀχυρῶ-

16 4440 83 4484 mov
98 4443 143 4490 καί
161 4440 330 4506 βεβαιότατον
353 4442 462 4507 ἔρεισμα
480 4442 531 4492 τῶν
553 4438 623 4492 ὅλων
646 4442 726 4490 ἐστίν·
755 4437 833 4501 οὖτος
859 4431 912 4489 ἀπό
940 4438 991 4490 τῶν
1014 4439 1099 4503 μέσων
1123 4437 1165 4487 ἐπί
1187 4433 1221 4488 τά

16 4517 106 4580 πὲΡατα
122 4530 168 4578 καί
185 4521 238 4580 ἀπὸ
258 4530 309 4581 τῶν
328 4526 417 4596 ἄκρων
436 4529 478 4580 ἐπί
495 4528 530 4579 τά
549 4530 617 4594 μέσα
635 4527 729 4590 ταθείς
746 4524 877 4592 δολιχεόει
889 4523 934 4576 τόν
945 4526 994 4591 τῆς
1006 4521 1110 4588 φάσεως
1123 4521 1222 4588 δρόμον

20 4594 140 4678 ῦὶῒίττητον,
157 4614 275 4682 συνάγων
292 4615 326 4668 τά
345 4620 413 4683 μέρη
431 4615 518 4668 πάντα
535 4617 584 4667 καί
601 4616 730 4682 σφίγγων·
750 4613 846 4679 δεσμὸν
863 4611 916 4679 γάρ
932 4605 1013 4662 αὐτόν
1025 4607 1161 4677 ἄρρηκτον
1173 4611 1221 4660 τοῦ

19 4694 101 4759 παντὸς
118 4695 131 4749 ὃ
149 4695 276 4771 γεννήσας
294 4705 376 4754 ἐποίει
394 4703 492 4771 πατήρ,
