3092 5236
926 367 967 431 26

843 459 1047 469 ...ι-

333 575 388 638 καί
410 572 523 660 ἀρετῆς
545 567 587 653 ῶς
610 573 647 640 ἀν
669 575 754 654 οἰκος
782 582 852 656 νοῦς
879 579 933 642 καί
954 576 1058 662 λόγος,
1081 575 1107 664 ᾤ
1129 576 1303 664 πεφύκασιν
1325 578 1522 643 ἐνδιαιτᾶσθαι·

333 685 373 750 τά
395 684 424 750 δ’
449 685 489 751 αῦ
512 685 607 773 μόνης
634 685 864 773 κεκοινώνηκεν
893 687 1006 775 ἀρετῆς
1035 687 1178 775 ἀμέτοχα
1206 687 1310 772 πόσης
1332 689 1406 756 ὄντα
1429 689 1523 766 κακίας,

334 796 438 884 ῶσπερ
461 798 491 864 οἰ
513 797 652 884 ἀστέρες·
676 798 760 866 οῦτοι
780 801 842 886 γάρ
864 799 932 887 ζῶά
959 799 987 866 τ’
1012 802 1088 868 εἰναι
1113 801 1256 886 λέγονται
1283 804 1338 866 καί
1359 802 1429 888 ζῶα
1449 799 1523 886 νοερίς

334 908 453 995 μᾶλλον
475 912 510 975 δέ
531 912 601 988 νοῦς
623 909 715 990 αύτδς
737 914 878 995 ἕκαστος,
902 911 973 992 όλος
1001 907 1042 978 δι’
1067 913 1147 1006 ὅλων
1169 915 1337 992 σπουδαῖος
1362 916 1420 978 καὶ
1441 911 1524 988 πιστός

297 1014 533 1100 ὁάνεπίδεκτος
560 1029 679 1088 κακοῦ·
708 1024 748 1090 τά
777 1025 812 1088 δέ
839 1025 895 1109 τῆς
923 1026 1034 1110 μικτῆς
1062 1025 1125 1091 ἐστι
1148 1024 1278 1111 φύσεως,
1302 1020 1407 1111 ῶσπερ
1432 1025 1524 1108 ἀνέφυ

332 1155 399 1216 πσς,
428 1132 461 1211 δς
489 1133 666 1221 ἐπιδέχεται
693 1134 850 1221 τάναντία,
878 1134 1026 1223 φρόνησιν
1053 1139 1108 1202 καί
1136 1135 1323 1224 ἀφροσύνην,
1349 1135 1524 1222 σωφροσύνην

332 1248 387 1310 καὶ
415 1241 598 1331 ἀκολασίαν,
628 1246 770 1333 ἀνδρείαν
798 1251 853 1313 καί
880 1247 1005 1333 δειλίαν,
1035 1247 1232 1335 δικαιοσύνην
1261 1252 1317 1314 καὶ
1344 1247 1473 1330 ἀδικίαν,
1491 1249 1525 1310 καὶ

333 1354 487 1423 συνελόντι
512 1357 629 1444 φράσαι
657 1359 769 1446 ἀγαδά
796 1363 852 1425 καὶ
878 1359 982 1445 κακά,
1009 1361 1094 1426 καλά
1121 1363 1175 1426 καὶ
1197 1360 1330 1448 αἰσχροί,
1360 1359 1474 1447 ἀρετὴν
1491 1361 1525 1422 καὶ

332 1469 462 1534 κακίαν.
485 1476 528 1556 τῷ
551 1470 591 1556 δὴ
613 1469 736 1538 πάντων
758 1475 851 1558 πατρί
873 1472 941 1559 θεῷ
963 1473 1002 1538 τά
1025 1475 1080 1559 μὲν
1101 1475 1256 1539 σπουδαῖα
1279 1471 1320 1538 δι’
1338 1467 1434 1539 αὑτοῦ
1457 1471 1524 1558 μόνοι

276 1591 311 1638 1⁰
332 1590 429 1647 ποιεῖν
451 1581 640 1649 οἰκειότατον
661 1582 700 1669 ην
723 1587 817 1650 ἕνεκα
838 1586 894 1671 τῆς
915 1585 993 1670 πρός
1015 1585 1108 1651 αὑτὸν
1137 1586 1387 1671 συγγενείας,τά
1412 1583 1442 1650 δ’
1466 1581 1525 1648 ἀδιό-

332 1716 415 1780 φορα
442 1693 500 1760 οῦκ
529 1695 705 1783 ἀλλότριον,
733 1697 841 1784 ἐπειδὴ
870 1700 924 1763 καὶ
952 1699 1049 1764 ταῦτα
1082 1698 1137 1784 τῆς
1165 1700 1287 1784 ἐχθραῖς
1320 1691 1404 1784 αύτῷ
1438 1695 1525 1769 κακίας

333 1805 467 1893 ἀμοιρεῖ,
494 1807 534 1872 τά
562 1809 596 1874 δὲ
624 1809 717 1895 μικτά
745 1832 784 1896 τη
813 1813 868 1897 μὲν
894 1811 1008 1877 οἰκεῖον
1036 1817 1075 1897 τῆ
1104 1809 1134 1875 δ’
1165 1808 1332 1894 ἀνοίκειον,
1360 1812 1472 1875 οἰκεῖον
1490 1811 1524 1893 μὲν

333 1921 426 1984 ἕνεκα
453 1926 509 2005 τῆς
537 1914 794 2008 ἀνακεκραμένης
823 1921 976 2009 βελτίονος
1004 1922 1102 2006 ἰδέας,
1131 1921 1283 2010 ἀνοίκειον
1311 1920 1341 1986 δ’
1371 1925 1465 1988 ἕνεκα
1490 1921 1526 2002 της

332 2031 468 2110 ἐναντίας
490 2035 545 2097 καί
566 2034 721 2120 χείρονος.
751 2034 802 2100 διά
830 2033 914 2100 τοῦτ’
940 2035 990 2100 ἐπὶ
1018 2033 1112 2120 μόνης
1133 2038 1189 2119 τῆς
1210 2033 1380 2120 ἀνθρώπου
1402 2029 1525 2120 γενέσεώς

275 2155 310 2200 15
331 2164 423 2229 φησιν
452 2143 497 2209 ὅτι
525 2146 609 2211 εἶπεν
632 2140 648 2210 ό
671 2143 747 2224 θεός
777 2145 1007 2232 ,,ποιι)σωμεν“,
1036 2145 1114 2232 ὅπερ
1143 2146 1281 2232 ἐμφαίνει
1308 2143 1526 2232 συμπαράληψιν

420 2302 432 2353 ί
452 2298 489 2364 ῶς
502 2299 534 2353 ἀν
546 2301 639 2370 οἰκος]
659 2295 700 2354 ὅδ’
716 2299 748 2353 ἀν
761 2296 791 2352 ού
803 2307 900 2368 κοσμεῖ
910 2300 948 2355 Μ
997 2300 1018 2369 ᾦ
1036 2299 1075 2355 V:
1090 2298 1126 2365 ῶς
1138 2299 1190 2365 1³¹¹,
1209 2305 1249 2366 οἰς
1261 2299 1375 2367 MF’b,
1389 2306 1429 2365 οῖς
1442 2300 1525 2352 αῦταισ

365 2386 480 2453 ἀμύνας
497 2385 529 2440 D
597 2383 719 2452 ἀαύτός
742 2386 875 2457 ἕκαστος]
896 2383 981 2442 αὐτῶν
998 2386 1014 2440 ό
1033 2391 1148 2452 ἕκαστος
1175 2405 1199 2444 a
1277 2383 1311 2440 δι’
1326 2388 1397 2441 ὅλων
1421 2385 1524 2443 VMFa:

331 2469 366 2524 δι’
380 2473 484 2530 ὅλουῦ
555 2479 698 2540 σπουδαῖος
715 2475 833 2543 γάρκαῖ
856 2474 883 2530 V
950 2471 1097 2542 7ἀνδρίαν
1120 2474 1176 2531 Fa
1250 2475 1408 2545 8φράσαι]
1429 2473 1524 2542 φάναια

365 2565 412 2613 καί
431 2566 494 2615 ante
513 2562 586 2614 καλά
605 2567 633 2616 εί
651 2565 715 2615 ante
734 2557 831 2630 ἀρετὴν
850 2563 912 2616 add.
934 2561 995 2617 VM
1062 2564 1078 2615 9
1098 2557 1131 2614 δι’
1158 2560 1257 2615 αύτοῦ
1276 2561 1340 2615 ΑΗ
1348 2582 1354 2616 ι
1373 2564 1417 2615 διοί
1435 2565 1478 2614 τοῦ
1491 2554 1524 2615 Vh.

331 2643 365 2699 δι’
381 2643 462 2700 αὐτοῦ
480 2647 558 2702 σείοντ’
638 2650 672 2702 10
690 2645 770 2702 αύτόν
787 2647 858 2704 codd.
937 2649 971 2701 τά
989 2652 1019 2702 δέ
1038 2642 1155 2716 διοίφορα
1173 2647 1211 2701 Μ
1278 2650 1366 2717 ίλτῆ
1386 2647 1523 2716 μέν--τίΙ

331 2729 355 2787 δ’
383 2734 486 2790 VMF:
514 2735 550 2805 πῆ
570 2739 668 2803 μέν-
685 2739 722 2806 πῆ
741 2733 766 2789 δ’
782 2741 830 2793 ab
919 2737 951 2790 13
970 2732 1190 2805 ἀνακεκραμένης
1214 2753 1267 2790 om.
1291 2734 1328 2789 M
1407 2731 1523 2802 βελτίονος(

329 2822 527 2889 κρείττονοςΜ
578 2828 650 2888 ἰδέας
663 2842 717 2880 om,
730 2823 768 2878 M
818 2825 852 2878 15
869 2823 1059 2894 ποιήσωμεν
1075 2822 1137 2879 VM
1145 2843 1151 2878 ι
1171 2823 1321 2892 ποιήσωμεν
1340 2817 1523 2894 (ποιησομενίί)

327 2910 469 2979 ἄνθρωπον
487 2917 535 2968 ab

328 3050 358 3085 τε
375 3034 405 3085 τό
424 3035 545 3100 φθαρτὸν
562 3038 610 3087 καί
628 3029 764 3086 ἀῦάνατον
782 3037 861 3101 είδος,
879 3033 1000 3099 φθαρτόν
1023 3035 1069 3099 μέν
1087 3033 1116 3084 τό
1136 3028 1291 3102 ἀνθρώπων,
1316 3031 1452 3100 ἀρδαρτον
1468 3034 1492 3084 δέ
1505 3027 1522 3077 τί

328 3113 419 3187 ψυχῶν
437 3117 586 3188 ἀσωμάτων
604 3123 632 3174 αἳ
648 3121 720 3174 κατά
739 3138 768 3173 τε
780 3115 849 3188 ἀέρα
866 3124 914 3173 καί
932 3115 1044 3186 οὐρανόν
1058 3122 1241 3186 περιπολοῦσι·
1254 3124 1355 3184 κακίας
1373 3124 1404 3172 δέ
1422 3115 1522 3186 ἀμέτοχα

329 3211 375 3273 μέν
394 3211 455 3260 εἰσιν
474 3208 552 3261 αῦται
570 3245 680 3263 .....
688 3224 694 3237 ·
713 3203 842 3276 ἀμέτοχοι
860 3211 890 3260 δέ
907 3212 955 3260 καί
973 3210 1069 3260 αἰτῶν
1086 3203 1200 3274 ἀλόγων,
1224 3203 1290 3274 παρ’
1311 3207 1374 3260 ὅσον
1391 3203 1523 3275 ἀμοιροῦσα

327 3298 445 3359 διανοίας
467 3292 531 3348 ούδέ
553 3298 604 3348 τῶν
627 3298 659 3347 ἐκ
682 3295 809 3362 λογισμοῦ
832 3294 1022 3361 συμβαινόντων
1045 3297 1172 3347 ἑκουσίων
1196 3291 1368 3363 ἀδικημάτων
1387 3293 1521 3348 ἁλίσκονται

328 3381 408 3448 μόνος
431 3385 461 3434 δέ
483 3383 578 3450 σχεδόν
601 3386 634 3435 ἐκ
657 3382 762 3435 πόντων
784 3381 798 3434 ό
824 3381 967 3449 ἄνθρωπος
989 3375 1100 3448 ἀγαθῶν
1123 3385 1171 3434 καί
1192 3387 1286 3436 κακῶν
1310 3385 1379 3449 έχων
1405 3379 1521 3446 ἐπιστημηί

328 3473 439 3535 αἱρεῖται
467 3473 514 3537 μέν
540 3469 671 3533 πολλάκις
697 3470 730 3523 τά
759 3468 929 3536 φαυλότατα,
952 3467 1044 3535 φεύγει
1067 3471 1097 3520 δέ
1118 3469 1151 3520 τά
1175 3472 1293 3537 σπουδῆς
1316 3469 1391 3533 ἀξια,
1416 3463 1451 3532 ὡς
1474 3461 1521 3518 αῦτιί

328 3555 441 3623 μάλιστα
459 3560 501 3610 ἐπὶ
519 3565 573 3622 τοῖς
597 3561 629 3610 έκ
652 3562 778 3624 προνοίας
802 3554 973 3624 ἁμαρτήμασι
995 3555 1257 3623 καταγινώσκεσῦαι.
1293 3556 1477 3624 προσηκόντως
1491 3549 1520 3603 οῦν

326 3644 375 3712 την
386 3643 481 3696 τούτου
493 3638 664 3712 κατασκευήν
676 3642 691 3696 ὁ
705 3643 770 3708 θεὸς
782 3642 896 3710 περιῆψε
907 3647 954 3695 καί
966 3649 1021 3706 τοῖς
1033 3641 1163 3710 ῦπάρχοις
1181 3638 1263 3695 αύτοῦ
1275 3645 1361 3710 λέγων
1379 3642 1521 3710 ,ποιήσομαί

327 3731 494 3798 ἀνδρωπον“,
518 3727 550 3784 ἵν’
573 3735 601 3785 αἰ
625 3734 671 3798 μέν
693 3731 739 3784 τοῦ
763 3733 808 3783 νοῦ
826 3730 1010 3796 κατορθώσεις
1028 3725 1072 3782 ἐπ’
1094 3725 1174 3782 αὐτόν
1190 3725 1375 3796 ἀναφέρωνται
1393 3731 1475 3796 μόνον,
1490 3717 1518 3776 ἐτ’

326 3817 427 3883 ἄλλους
450 3815 476 3870 δ’
498 3823 526 3872 αἱ
549 3816 688 3886 ἁμαρτίαι.
726 3819 760 3871 de
782 3821 849 3870 mut.
873 3833 947 3871 nom.
970 3819 983 3871 1
1005 3817 1057 3870 583
1080 3817 1184 3883 φαύλου
1204 3819 1250 3884 μέν
1267 3817 1320 3884 γάρ
1338 3817 1428 3885 ψυχήν
1445 3811 1472 3868 ού
1487 3813 1520 3864 διε·-

326 3909 439 3962 πλαοεν·
464 3906 564 3973 ἑχδρόν
585 3906 638 3975 γάρ
656 3905 712 3973 θεῷ
730 3908 827 3958 κακία·
851 3904 899 3972 την
921 3907 951 3956 δέ
974 3907 1055 3972 μέσην
1079 3899 1110 3956 ού
1134 3898 1167 3956 δι’
1189 3906 1286 3956 ἑαυτοῦ
1308 3903 1388 3971 μόνου
1413 3903 1478 3957 κατίι
1491 3891 1520 3948 τὸ)

325 3993 468 4062 ίιρῶτατον
490 3995 600 4062 Μωσῆν,
625 3992 715 4060 ἐπειδὴ
738 3991 825 4060 κηροῦ
848 3989 946 4057 τρόπον
967 3992 1078 4057 ἔμελλεν
1101 3985 1166 4058 αῦτη
1192 3991 1321 4052 δέξασθαι
1342 3991 1432 4044 καλοῦ
1451 4007 1477 4040 τε
1489 3985 1520 4037 ιιιί

326 4083 437 4150 αἰσχροῦ
456 4079 601 4146 διαφοράν.
632 4080 723 4146 διόπερ
741 4081 849 4146 λέγεται
867 4077 1034 4145 ,ποιήσωμεν
1046 4076 1187 4143 ἀνδρωττον
1199 4073 1261 4130 κατ’
1278 4075 1370 4130 εἰκόνα
1388 4074 1518 4146 ἡμετέραί)

324 4163 357 4221 ἵν’
374 4173 396 4222 εἰ
415 4170 461 4236 μίν
479 4169 587 4236 δέξηται
606 4166 708 4232 φαῦλον
725 4166 814 4232 τόπον,
833 4168 929 4231 ἐτέρων
948 4168 1073 4232 φαίνηται
1090 4162 1285 4232 δημιούργημα,
1298 4168 1321 4216 εἰ
1339 4166 1370 4216 δέ
1387 4162 1474 4224 καλόν,
1488 4157 1518 4208 τοῦ

324 4258 375 4310 τῶν
392 4255 483 4310 καλῶν
501 4258 548 4308 καί
571 4249 682 4321 ἀγαθῶν
705 4253 790 4322 μόνων
812 4255 939 4319 τεχνίτου.
1017 4251 1035 4302 4
1059 4253 1094 4304 de
1112 4251 1213 4318 gigant.
1231 4251 1312 4304 1263
1337 4255 1386 4304 καί
1403 4251 1453 4320 γάρ
1469 4245 1518 4299 οἰτυ

325 4338 455 4414 (ἀστέρες)
474 4344 556 4411 ψυχαί
574 4341 636 4396 όλαι
654 4337 687 4396 δι’
709 4341 779 4396 ὅλων
797 4335 930 4409 ἀκηρατοί
947 4356 976 4392 τε
998 4342 1046 4391 καί
1063 4341 1142 4404 θεῖαι,
1160 4333 1251 4405 παρ’δ
1270 4341 1317 4390 καί
1334 4336 1427 4405 κύκλῳ
1443 4333 1518 4388 κινούν-

324 4447 368 4484 ται
391 4430 438 4499 την
461 4427 668 4499 συγγινιστάτην
696 4429 731 4496 νῷ
754 4431 865 4494 κίνησιν·
897 4428 959 4490 νοῦς
980 4425 1034 4493 γὰρ
1062 4427 1176 4488 έκαστος
1200 4419 1286 4477 αύτῶν
1309 4419 1516 4491 ἀκραιφνέστακί·

326 4517 360 4572 de
378 4533 465 4572 somn.
484 4517 497 4571 I
515 4517 564 4570 641
589 4519 635 4570 καί
652 4515 705 4584 γάρ
724 4517 838 4578 έκαστος
861 4513 960 4566 τούτων
983 4506 1122 4580 (ἀστέρων)
1146 4506 1176 4564 οῦ
1202 4510 1280 4578 μόνον
1303 4513 1379 4577 ζῶον,
1403 4505 1469 4563 ἀλλά
1486 4503 1517 4554 κώ

324 4605 384 4669 νοῦς
407 4601 471 4669 όλος
493 4595 527 4658 δι’
547 4601 618 4658 ὅλων
640 4600 655 4658 ό
678 4601 874 4669 καθαρώτατος
898 4605 963 4653 εἰναι
985 4602 1106 4667 λέγεται.
1143 4599 1177 4651 de
1198 4598 1283 4666 plant.
1302 4597 1382 4652 1331
1413 4598 1464 4664 ζῷα
1482 4588 1516 4657 τί(

324 4693 372 4746 καί
389 4687 498 4755 τούτους
517 4685 652 4760 (ἀστέρας)
670 4689 751 4758 νοιρά
770 4683 804 4742 δι’
820 4686 890 4741 δλων
908 4690 987 4756 φασίν
1005 4689 1030 4739 οἰ
1047 4683 1282 4753 φιλοσοφήσαντες.
