<?xml version="1.0" encoding="UTF-8"?>
<!DOCTYPE html PUBLIC "-//W3C//DTD XHTML 1.0 Transitional//EN"
    "http://www.w3.org/TR/xhtml1/DTD/xhtml1-transitional.dtd">
<html xmlns="http://www.w3.org/1999/xhtml" xml:lang="en" lang="en">
 <head>
  <title>
</title>
<meta http-equiv="Content-Type" content="text/html;charset=utf-8" />
  <meta name='ocr-system' content='tesseract 3.04.00' />
  <meta name='ocr-capabilities' content='ocr_page ocr_carea ocr_par ocr_line ocrx_word'/>
</head>
<body>
  <div class='ocr_page' id='page_1' title='image "./philonisalexand00philgoog_0060.png"; bbox 0 0 3142 5238; ppageno 0'>
   <div class='ocr_carea' id='block_1_1' title="bbox 1192 353 1278 418">
    <p class='ocr_par' dir='ltr' id='par_1_1' title="bbox 1192 353 1278 418">
     <span class='ocr_line' id='line_1_1' title="bbox 1192 353 1278 418; baseline 0 0"><span class='ocrx_word' id='word_1_1' title='bbox 1192 353 1278 418; x_wconf 91' lang='lat' dir='ltr'>XLV</span> 
     </span>
    </p>
   </div>
   <div class='ocr_carea' id='block_1_2' title="bbox 42 536 1279 844">
    <p class='ocr_par' dir='ltr' id='par_1_2' title="bbox 42 536 1279 844">
     <span class='ocr_line' id='line_1_2' title="bbox 42 536 1276 624; baseline 0.008 -26"><span class='ocrx_word' id='word_1_2' title='bbox 42 536 169 616; x_wconf 88' lang='lat' dir='ltr'>primis</span> <span class='ocrx_word' id='word_1_3' title='bbox 203 557 223 601; x_wconf 87' lang='lat' dir='ltr'>a</span> <span class='ocrx_word' id='word_1_4' title='bbox 256 539 380 603; x_wconf 81' lang='lat' dir='ltr'>Stoicis</span> <span class='ocrx_word' id='word_1_5' title='bbox 415 543 448 603; x_wconf 90' lang='lat' dir='ltr'>et</span> <span class='ocrx_word' id='word_1_6' title='bbox 481 559 500 604; x_wconf 97' lang='lat' dir='ltr'>a</span> <span class='ocrx_word' id='word_1_7' title='bbox 533 540 766 621; x_wconf 73' lang='lat' dir='ltr'>Pythagoreis.</span> <span class='ocrx_word' id='word_1_8' title='bbox 802 545 834 604; x_wconf 91' lang='lat' dir='ltr'>et</span> <span class='ocrx_word' id='word_1_9' title='bbox 869 540 1106 606; x_wconf 89' lang='lat' dir='ltr'>Stoicorum</span> <span class='ocrx_word' id='word_1_10' title='bbox 1140 541 1276 624; x_wconf 86' lang='lat' dir='ltr'>quidem</span> 
     </span>
     <span class='ocr_line' id='line_1_3' title="bbox 42 642 1279 733; baseline 0.006 -23"><span class='ocrx_word' id='word_1_11' title='bbox 42 646 214 712; x_wconf 88' lang='lat' dir='ltr'>vocabula</span> <span class='ocrx_word' id='word_1_12' title='bbox 250 649 333 712; x_wconf 91' lang='lat' dir='ltr'>haec</span> <span class='ocrx_word' id='word_1_13' title='bbox 371 649 531 714; x_wconf 84' lang='lat' dir='ltr'><strong>dixerim:</strong></span> <span class='ocrx_word' id='word_1_14' title='bbox 564 642 764 726; x_wconf 79' lang='grc' dir='ltr'>ἀνεπάδιιιτος</span> <span class='ocrx_word' id='word_1_15' title='bbox 801 651 888 733; x_wconf 60' lang='lat' dir='ltr'>(cop</span> <span class='ocrx_word' id='word_1_16' title='bbox 925 648 1038 727; x_wconf 83' lang='grc' dir='ltr'>παντὸς</span> <span class='ocrx_word' id='word_1_17' title='bbox 1076 648 1279 730; x_wconf 77' lang='grc' dir='ltr'>ἀνεπίδτκιος</span> 
     </span>
     <span class='ocr_line' id='line_1_4' title="bbox 44 757 1278 844; baseline 0.007 -26"><span class='ocrx_word' id='word_1_18' title='bbox 44 763 170 821; x_wconf 72' lang='lat' dir='ltr'>acacii:</span> <span class='ocrx_word' id='word_1_19' title='bbox 196 758 236 822; x_wconf 89' lang='lat' dir='ltr'>cf.</span> <span class='ocrx_word' id='word_1_20' title='bbox 260 759 354 840; x_wconf 84' lang='lat' dir='ltr'>Diog.</span> <span class='ocrx_word' id='word_1_21' title='bbox 382 761 517 824; x_wconf 92' lang='lat' dir='ltr'>La.V11</span> <span class='ocrx_word' id='word_1_22' title='bbox 543 759 627 842; x_wconf 76' lang='lat'>147),</span> <span class='ocrx_word' id='word_1_23' title='bbox 656 757 841 844; x_wconf 80' lang='grc' dir='ltr'>ἀλληγορία,</span> <span class='ocrx_word' id='word_1_24' title='bbox 872 757 1086 844; x_wconf 58' lang='grc' dir='ltr'>ἀνάφοιτοςῑ),</span> <span class='ocrx_word' id='word_1_25' title='bbox 1116 758 1278 827; x_wconf 77' lang='grc' dir='ltr'>ἀποκατα·</span> 
     </span>
    </p>
   </div>
   <div class='ocr_carea' id='block_1_3' title="bbox 37 861 1297 4161">
    <p class='ocr_par' dir='ltr' id='par_1_3' title="bbox 43 861 1277 1289">
     <span class='ocr_line' id='line_1_5' title="bbox 43 861 1277 958; baseline 0.005 -26"><span class='ocrx_word' id='word_1_26' title='bbox 43 866 203 947; x_wconf 80' lang='grc' dir='ltr'>στατικάς,</span> <span class='ocrx_word' id='word_1_27' title='bbox 220 861 423 953; x_wconf 85' lang='grc' dir='ltr'>άφάνταοτος,</span> <span class='ocrx_word' id='word_1_28' title='bbox 445 862 618 954; x_wconf 74' lang='grc' dir='ltr'>ἀφδαροάα,</span> <span class='ocrx_word' id='word_1_29' title='bbox 634 869 915 956; x_wconf 76' lang='grc' dir='ltr'>ἐναπομάττεσδαι,</span> <span class='ocrx_word' id='word_1_30' title='bbox 932 869 1119 954; x_wconf 74' lang='grc' dir='ltr'><strong>ἐνδιάθετος,</strong></span> <span class='ocrx_word' id='word_1_31' title='bbox 1144 871 1277 958; x_wconf 63' lang='lat' dir='ltr'>troppo·</span> 
     </span>
     <span class='ocr_line' id='line_1_6' title="bbox 43 979 1274 1066; baseline 0.006 -24"><span class='ocrx_word' id='word_1_32' title='bbox 43 980 205 1064; x_wconf 74' lang='grc' dir='ltr'>γιζεσδαι,</span> <span class='ocrx_word' id='word_1_33' title='bbox 242 979 433 1066; x_wconf 81' lang='grc' dir='ltr'>κατάληψις.</span> <span class='ocrx_word' id='word_1_34' title='bbox 473 1004 490 1048; x_wconf 89' lang='lat' dir='ltr'>e</span> <span class='ocrx_word' id='word_1_35' title='bbox 526 985 883 1065; x_wconf 83' lang='lat' dir='ltr'>Pythagoreorum</span> <span class='ocrx_word' id='word_1_36' title='bbox 920 982 1074 1048; x_wconf 91' lang='lat' dir='ltr'>doctrina</span> <span class='ocrx_word' id='word_1_37' title='bbox 1110 984 1274 1050; x_wconf 88' lang='lat' dir='ltr'>vocabula</span> 
     </span>
     <span class='ocr_line' id='line_1_7' title="bbox 44 1090 1276 1179; baseline 0.003 -23"><span class='ocrx_word' id='word_1_38' title='bbox 44 1092 288 1158; x_wconf 86' lang='lat' dir='ltr'>mathematica</span> <span class='ocrx_word' id='word_1_39' title='bbox 309 1094 524 1175; x_wconf 88' lang='lat' dir='ltr'>potissimum</span> <span class='ocrx_word' id='word_1_40' title='bbox 552 1094 695 1176; x_wconf 78' lang='lat' dir='ltr'>repetiit,</span> <span class='ocrx_word' id='word_1_41' title='bbox 722 1095 812 1158; x_wconf 90' lang='lat' dir='ltr'>velut</span> <span class='ocrx_word' id='word_1_42' title='bbox 835 1090 1007 1176; x_wconf 80' lang='grc' dir='ltr'>ἀναλογεῖν,</span> <span class='ocrx_word' id='word_1_43' title='bbox 1037 1091 1276 1179; x_wconf 72' lang='grc' dir='ltr'>ἀρτιοπέριττος,</span> 
     </span>
     <span class='ocr_line' id='line_1_8' title="bbox 43 1202 844 1289; baseline 0.005 -25"><span class='ocrx_word' id='word_1_44' title='bbox 43 1203 200 1286; x_wconf 81' lang='grc' dir='ltr'>κανονικη</span> <span class='ocrx_word' id='word_1_45' title='bbox 222 1203 352 1287; x_wconf 66' lang='grc' dir='ltr'>θεωρία,</span> <span class='ocrx_word' id='word_1_46' title='bbox 376 1202 510 1289; x_wconf 70' lang='grc' dir='ltr'>μουσική</span> <span class='ocrx_word' id='word_1_47' title='bbox 533 1203 646 1285; x_wconf 76' lang='grc' dir='ltr'>τελεία,</span> <span class='ocrx_word' id='word_1_48' title='bbox 669 1203 844 1269; x_wconf 74' lang='grc' dir='ltr'>παντάλεια.</span> 
     </span>
    </p>

    <p class='ocr_par' dir='ltr' id='par_1_4' title="bbox 37 1313 1297 4161">
     <span class='ocr_line' id='line_1_9' title="bbox 134 1313 1278 1398; baseline 0.002 -20"><span class='ocrx_word' id='word_1_49' title='bbox 134 1313 247 1378; x_wconf 90' lang='lat' dir='ltr'>Multis</span> <span class='ocrx_word' id='word_1_50' title='bbox 269 1316 451 1392; x_wconf 87' lang='lat' dir='ltr'>vocabulis,</span> <span class='ocrx_word' id='word_1_51' title='bbox 475 1335 559 1398; x_wconf 90' lang='lat' dir='ltr'>quae</span> <span class='ocrx_word' id='word_1_52' title='bbox 575 1316 642 1380; x_wconf 88' lang='lat' dir='ltr'>iam</span> <span class='ocrx_word' id='word_1_53' title='bbox 658 1316 746 1398; x_wconf 90' lang='lat' dir='ltr'>apud</span> <span class='ocrx_word' id='word_1_54' title='bbox 760 1320 891 1380; x_wconf 89' lang='lat' dir='ltr'>veteres</span> <span class='ocrx_word' id='word_1_55' title='bbox 909 1315 1091 1397; x_wconf 84' lang='lat' dir='ltr'>scriptores</span> <span class='ocrx_word' id='word_1_56' title='bbox 1108 1315 1278 1397; x_wconf 71' lang='lat' dir='ltr'>leguntur,</span> 
     </span>
     <span class='ocr_line' id='line_1_10' title="bbox 45 1425 1276 1508; baseline 0.002 -21"><span class='ocrx_word' id='word_1_57' title='bbox 45 1425 235 1504; x_wconf 79' lang='lat' dir='ltr'>scriptores</span> <span class='ocrx_word' id='word_1_58' title='bbox 257 1425 465 1505; x_wconf 80' lang='lat' dir='ltr'>posteriores</span> <span class='ocrx_word' id='word_1_59' title='bbox 488 1445 593 1490; x_wconf 86' lang='lat' dir='ltr'>novas</span> <span class='ocrx_word' id='word_1_60' title='bbox 618 1427 775 1490; x_wconf 89' lang='lat' dir='ltr'>notiones</span> <span class='ocrx_word' id='word_1_61' title='bbox 800 1426 991 1503; x_wconf 86' lang='lat' dir='ltr'>induerunt,</span> <span class='ocrx_word' id='word_1_62' title='bbox 1020 1430 1054 1491; x_wconf 94' lang='lat' dir='ltr'>et</span> <span class='ocrx_word' id='word_1_63' title='bbox 1076 1445 1160 1506; x_wconf 89' lang='lat' dir='ltr'>quae</span> <span class='ocrx_word' id='word_1_64' title='bbox 1184 1425 1276 1508; x_wconf 87' lang='lat' dir='ltr'>apud</span> 
     </span>
     <span class='ocr_line' id='line_1_11' title="bbox 45 1527 1277 1619; baseline 0.001 -21"><span class='ocrx_word' id='word_1_65' title='bbox 45 1536 126 1599; x_wconf 90' lang='lat' dir='ltr'>illos</span> <span class='ocrx_word' id='word_1_66' title='bbox 167 1536 305 1617; x_wconf 88' lang='lat' dir='ltr'>propria</span> <span class='ocrx_word' id='word_1_67' title='bbox 345 1541 437 1614; x_wconf 87' lang='lat' dir='ltr'>sunt,</span> <span class='ocrx_word' id='word_1_68' title='bbox 476 1537 706 1619; x_wconf 83' lang='lat' dir='ltr'>metaphorice</span> <span class='ocrx_word' id='word_1_69' title='bbox 746 1537 780 1600; x_wconf 90' lang='lat' dir='ltr'>hi</span> <span class='ocrx_word' id='word_1_70' title='bbox 818 1541 1039 1618; x_wconf 89' lang='lat' dir='ltr'>usurparunt.</span> <span class='ocrx_word' id='word_1_71' title='bbox 1084 1535 1174 1601; x_wconf 89' lang='lat' dir='ltr'>velut</span> <span class='ocrx_word' id='word_1_72' title='bbox 1212 1527 1277 1599; x_wconf 79' lang='grc' dir='ltr'>ἀν·</span> 
     </span>
     <span class='ocr_line' id='line_1_12' title="bbox 44 1643 1278 1730; baseline 0.004 -23"><span class='ocrx_word' id='word_1_73' title='bbox 44 1643 249 1708; x_wconf 75' lang='grc' dir='ltr'>άπτεσδαά</span> <span class='ocrx_word' id='word_1_74' title='bbox 270 1667 304 1708; x_wconf 88' lang='grc' dir='ltr'>τι</span> <span class='ocrx_word' id='word_1_75' title='bbox 318 1647 408 1728; x_wconf 83' lang='lat' dir='ltr'>apud</span> <span class='ocrx_word' id='word_1_76' title='bbox 427 1647 607 1711; x_wconf 88' lang='lat' dir='ltr'>Philonem</span> <span class='ocrx_word' id='word_1_77' title='bbox 623 1647 673 1729; x_wconf 85' lang='lat' dir='ltr'>(ut</span> <span class='ocrx_word' id='word_1_78' title='bbox 687 1647 776 1728; x_wconf 89' lang='lat' dir='ltr'>apud</span> <span class='ocrx_word' id='word_1_79' title='bbox 791 1647 977 1711; x_wconf 91' lang='lat' dir='ltr'>Diodorum</span> <span class='ocrx_word' id='word_1_80' title='bbox 994 1649 1026 1712; x_wconf 94' lang='lat' dir='ltr'>et</span> <span class='ocrx_word' id='word_1_81' title='bbox 1041 1645 1278 1730; x_wconf 82' lang='lat' dir='ltr'>Plutarchum)</span> 
     </span>
     <span class='ocr_line' id='line_1_13' title="bbox 46 1755 1276 1838; baseline 0.003 -20"><span class='ocrx_word' id='word_1_82' title='bbox 46 1756 226 1820; x_wconf 90' lang='lat' dir='ltr'>notionem</span> <span class='ocrx_word' id='word_1_83' title='bbox 249 1755 353 1820; x_wconf 90' lang='lat' dir='ltr'>hahet</span> <span class='ocrx_word' id='word_1_84' title='bbox 375 1757 438 1821; x_wconf 88' lang='lat' dir='ltr'>sihi</span> <span class='ocrx_word' id='word_1_85' title='bbox 461 1757 656 1822; x_wconf 89' lang='lat' dir='ltr'>vindicandi</span> <span class='ocrx_word' id='word_1_86' title='bbox 679 1757 821 1838; x_wconf 89' lang='lat' dir='ltr'>aliquid:</span> <span class='ocrx_word' id='word_1_87' title='bbox 845 1756 885 1820; x_wconf 87' lang='lat' dir='ltr'>cl.</span> <span class='ocrx_word' id='word_1_88' title='bbox 909 1757 993 1833; x_wconf 73' lang='lat' dir='ltr'>aad.</span> <span class='ocrx_word' id='word_1_89' title='bbox 1016 1757 1105 1833; x_wconf 70' lang='grc' dir='ltr'>6ἀ,3;</span> <span class='ocrx_word' id='word_1_90' title='bbox 1134 1758 1276 1822; x_wconf 84' lang='lat' dir='ltr'>verbum</span> 
     </span>
     <span class='ocr_line' id='line_1_14' title="bbox 43 1843 1275 1948; baseline 0.001 -19"><span class='ocrx_word' id='word_1_91' title='bbox 43 1866 196 1930; x_wconf 89' lang='lat' dir='ltr'>activum</span> <span class='ocrx_word' id='word_1_92' title='bbox 228 1863 371 1930; x_wconf 78' lang='grc' dir='ltr'>ἀνάπτειν</span> <span class='ocrx_word' id='word_1_93' title='bbox 404 1865 459 1930; x_wconf 81' lang='grc' dir='ltr'>τινί</span> <span class='ocrx_word' id='word_1_94' title='bbox 491 1888 519 1930; x_wconf 89' lang='grc' dir='ltr'>τι</span> <span class='ocrx_word' id='word_1_95' title='bbox 556 1871 607 1932; x_wconf 90' lang='lat' dir='ltr'>est</span> <span class='ocrx_word' id='word_1_96' title='bbox 641 1865 792 1944; x_wconf 78' lang='lat' dir='ltr'>tribuere,</span> <span class='ocrx_word' id='word_1_97' title='bbox 826 1843 980 1931; x_wconf 71' lang='lat' dir='ltr'>mundare</span> <span class='ocrx_word' id='word_1_98' title='bbox 1011 1865 1108 1930; x_wconf 75' lang='lat' dir='ltr'>aliern</span> <span class='ocrx_word' id='word_1_99' title='bbox 1141 1865 1275 1948; x_wconf 80' lang='lat' dir='ltr'>aliquid.</span> 
     </span>
     <span class='ocr_line' id='line_1_15' title="bbox 45 1969 1275 2060; baseline 0.002 -22"><span class='ocrx_word' id='word_1_100' title='bbox 45 1969 279 2060; x_wconf 79' lang='grc' dir='ltr'>ἀνατέμνοιν</span> <span class='ocrx_word' id='word_1_101' title='bbox 308 1973 398 2053; x_wconf 78' lang='grc' dir='ltr'>ὁδούς</span> <span class='ocrx_word' id='word_1_102' title='bbox 420 1998 440 2041; x_wconf 85' lang='lat' dir='ltr'>a</span> <span class='ocrx_word' id='word_1_103' title='bbox 462 1978 606 2042; x_wconf 89' lang='lat' dir='ltr'>Philone</span> <span class='ocrx_word' id='word_1_104' title='bbox 634 1978 757 2043; x_wconf 89' lang='lat' dir='ltr'>dicitur</span> <span class='ocrx_word' id='word_1_105' title='bbox 785 1977 827 2042; x_wconf 92' lang='lat' dir='ltr'>de</span> <span class='ocrx_word' id='word_1_106' title='bbox 855 1976 1048 2058; x_wconf 87' lang='lat' dir='ltr'>aperiendis</span> <span class='ocrx_word' id='word_1_107' title='bbox 1072 1977 1169 2042; x_wconf 82' lang='lat' dir='ltr'>novis</span> <span class='ocrx_word' id='word_1_108' title='bbox 1192 1977 1275 2042; x_wconf 78' lang='lat' dir='ltr'>viis:</span> 
     </span>
     <span class='ocr_line' id='line_1_16' title="bbox 45 2087 1297 2165; baseline 0 -13"><span class='ocrx_word' id='word_1_109' title='bbox 45 2089 89 2152; x_wconf 91' lang='lat' dir='ltr'>cf.</span> <span class='ocrx_word' id='word_1_110' title='bbox 112 2089 198 2164; x_wconf 66' lang='lat' dir='ltr'>Pho.</span> <span class='ocrx_word' id='word_1_111' title='bbox 227 2088 310 2165; x_wconf 61' lang='grc'>433.</span> <span class='ocrx_word' id='word_1_112' title='bbox 344 2089 428 2165; x_wconf 84' lang='grc'><strong>55,9.</strong></span> <span class='ocrx_word' id='word_1_113' title='bbox 464 2090 506 2153; x_wconf 89' lang='lat' dir='ltr'>de</span> <span class='ocrx_word' id='word_1_114' title='bbox 533 2090 659 2154; x_wconf 81' lang='lat' dir='ltr'>Abrah.</span> <span class='ocrx_word' id='word_1_115' title='bbox 688 2089 715 2152; x_wconf 94' lang='lat' dir='ltr'>ll</span> <span class='ocrx_word' id='word_1_116' title='bbox 743 2091 773 2152; x_wconf 70' lang='grc' dir='ltr'>ἀ.</span> <span class='ocrx_word' id='word_1_117' title='bbox 803 2089 843 2152; x_wconf 89' lang='lat' dir='ltr'>de</span> <span class='ocrx_word' id='word_1_118' title='bbox 872 2090 1045 2152; x_wconf 88' lang='lat' dir='ltr'>monarch.</span> <span class='ocrx_word' id='word_1_119' title='bbox 1073 2088 1099 2152; x_wconf 93' lang='lat'>11</span> <span class='ocrx_word' id='word_1_120' title='bbox 1128 2088 1200 2152; x_wconf 63' lang='lat'>126.</span> <span class='ocrx_word' id='word_1_121' title='bbox 1232 2087 1297 2152; x_wconf 86' lang='lat' dir='ltr'>de.</span> 
     </span>
     <span class='ocr_line' id='line_1_17' title="bbox 44 2198 1274 2286; baseline 0.003 -24"><span class='ocrx_word' id='word_1_122' title='bbox 44 2202 150 2263; x_wconf 86' lang='lat' dir='ltr'>creat.</span> <span class='ocrx_word' id='word_1_123' title='bbox 178 2199 285 2280; x_wconf 90' lang='lat' dir='ltr'>princ.</span> <span class='ocrx_word' id='word_1_124' title='bbox 314 2201 341 2264; x_wconf 90' lang='lat'>11</span> <span class='ocrx_word' id='word_1_125' title='bbox 369 2201 441 2264; x_wconf 66' lang='lat'><strong>362.</strong></span> <span class='ocrx_word' id='word_1_126' title='bbox 472 2201 626 2266; x_wconf 90' lang='lat' dir='ltr'>similiter</span> <span class='ocrx_word' id='word_1_127' title='bbox 655 2199 797 2276; x_wconf 81' lang='grc' dir='ltr'>αὔλακας</span> <span class='ocrx_word' id='word_1_128' title='bbox 825 2198 1003 2286; x_wconf 79' lang='grc' dir='ltr'>ἀναιὲγινειν</span> <span class='ocrx_word' id='word_1_129' title='bbox 1031 2201 1136 2278; x_wconf 73' lang='lat' dir='ltr'>alan.</span> <span class='ocrx_word' id='word_1_130' title='bbox 1164 2201 1274 2279; x_wconf 63' lang='lat'>4317,</span> 
     </span>
     <span class='ocr_line' id='line_1_18' title="bbox 43 2304 1277 2396; baseline 0.004 -25"><span class='ocrx_word' id='word_1_131' title='bbox 43 2304 227 2393; x_wconf 77' lang='grc' dir='ltr'>ἀνατέμνιιν</span> <span class='ocrx_word' id='word_1_132' title='bbox 259 2310 316 2394; x_wconf 80' lang='grc' dir='ltr'>τήν</span> <span class='ocrx_word' id='word_1_133' title='bbox 351 2309 486 2374; x_wconf 83' lang='grc' dir='ltr'>πεδιάδα</span> <span class='ocrx_word' id='word_1_134' title='bbox 522 2314 632 2389; x_wconf 62' lang='lat' dir='ltr'>raph.</span> <span class='ocrx_word' id='word_1_135' title='bbox 669 2309 899 2396; x_wconf 79' lang='grc' dir='ltr'>ἀνατρέχειν</span> <span class='ocrx_word' id='word_1_136' title='bbox 938 2313 1009 2388; x_wconf 66' lang='lat' dir='ltr'>lna</span> <span class='ocrx_word' id='word_1_137' title='bbox 1042 2312 1277 2394; x_wconf 82' lang='lat' dir='ltr'>metaphorice</span> 
     </span>
     <span class='ocr_line' id='line_1_19' title="bbox 45 2419 1277 2505; baseline 0.002 -22"><span class='ocrx_word' id='word_1_138' title='bbox 45 2420 176 2484; x_wconf 90' lang='lat' dir='ltr'>dictum</span> <span class='ocrx_word' id='word_1_139' title='bbox 204 2425 272 2498; x_wconf 86' lang='lat' dir='ltr'>est,</span> <span class='ocrx_word' id='word_1_140' title='bbox 299 2425 336 2486; x_wconf 96' lang='lat' dir='ltr'>ut</span> <span class='ocrx_word' id='word_1_141' title='bbox 365 2422 453 2502; x_wconf 90' lang='lat' dir='ltr'>apud</span> <span class='ocrx_word' id='word_1_142' title='bbox 481 2423 657 2505; x_wconf 89' lang='lat' dir='ltr'>Polybium</span> <span class='ocrx_word' id='word_1_143' title='bbox 686 2427 719 2488; x_wconf 92' lang='lat' dir='ltr'>et</span> <span class='ocrx_word' id='word_1_144' title='bbox 747 2423 932 2487; x_wconf 87' lang='lat' dir='ltr'>Diodorum</span> <span class='ocrx_word' id='word_1_145' title='bbox 966 2419 1151 2505; x_wconf 64' lang='lat' dir='ltr'>(rearicerc).</span> <span class='ocrx_word' id='word_1_146' title='bbox 1184 2419 1277 2486; x_wconf 89' lang='grc' dir='ltr'>ἀνοι-</span> 
     </span>
     <span class='ocr_line' id='line_1_20' title="bbox 43 2530 1277 2616; baseline 0.005 -24"><span class='ocrx_word' id='word_1_147' title='bbox 43 2530 238 2614; x_wconf 78' lang='grc' dir='ltr'>χαιτάζειν</span> <span class='ocrx_word' id='word_1_148' title='bbox 260 2532 350 2614; x_wconf 88' lang='lat' dir='ltr'>apud</span> <span class='ocrx_word' id='word_1_149' title='bbox 372 2538 502 2598; x_wconf 89' lang='lat' dir='ltr'>ceteros</span> <span class='ocrx_word' id='word_1_150' title='bbox 527 2535 709 2615; x_wconf 87' lang='lat' dir='ltr'>scriptores</span> <span class='ocrx_word' id='word_1_151' title='bbox 732 2534 834 2597; x_wconf 91' lang='lat' dir='ltr'>modo</span> <span class='ocrx_word' id='word_1_152' title='bbox 858 2533 1070 2598; x_wconf 85' lang='lat' dir='ltr'>intransitive</span> <span class='ocrx_word' id='word_1_153' title='bbox 1093 2537 1277 2616; x_wconf 88' lang='lat' dir='ltr'>usurpatur</span> 
     </span>
     <span class='ocr_line' id='line_1_21' title="bbox 45 2639 1276 2725; baseline 0.003 -22"><span class='ocrx_word' id='word_1_154' title='bbox 45 2639 225 2725; x_wconf 71' lang='lat' dir='ltr'>(relicturi)</span> <span class='ocrx_word' id='word_1_155' title='bbox 248 2643 351 2706; x_wconf 93' lang='lat' dir='ltr'>modo</span> <span class='ocrx_word' id='word_1_156' title='bbox 373 2643 552 2708; x_wconf 87' lang='lat' dir='ltr'>transitiva</span> <span class='ocrx_word' id='word_1_157' title='bbox 567 2644 707 2708; x_wconf 91' lang='lat' dir='ltr'>notione</span> <span class='ocrx_word' id='word_1_158' title='bbox 723 2643 890 2708; x_wconf 89' lang='lat' dir='ltr'>deiciendi</span> <span class='ocrx_word' id='word_1_159' title='bbox 913 2649 946 2708; x_wconf 92' lang='lat' dir='ltr'>et</span> <span class='ocrx_word' id='word_1_160' title='bbox 964 2644 1151 2720; x_wconf 66' lang='lat' dir='ltr'>evertenda</span> <span class='ocrx_word' id='word_1_161' title='bbox 1174 2643 1276 2708; x_wconf 90' lang='lat' dir='ltr'>Philo</span> 
     </span>
     <span class='ocr_line' id='line_1_22' title="bbox 43 2751 1275 2836; baseline 0.003 -22"><span class='ocrx_word' id='word_1_162' title='bbox 43 2751 111 2814; x_wconf 90' lang='lat' dir='ltr'>hoc</span> <span class='ocrx_word' id='word_1_163' title='bbox 134 2752 238 2815; x_wconf 88' lang='lat' dir='ltr'>verbo</span> <span class='ocrx_word' id='word_1_164' title='bbox 260 2753 365 2817; x_wconf 90' lang='lat' dir='ltr'>utitur</span> <span class='ocrx_word' id='word_1_165' title='bbox 388 2754 429 2817; x_wconf 88' lang='lat' dir='ltr'>de</span> <span class='ocrx_word' id='word_1_166' title='bbox 446 2754 636 2818; x_wconf 88' lang='lat' dir='ltr'>cohibendo</span> <span class='ocrx_word' id='word_1_167' title='bbox 660 2755 762 2819; x_wconf 86' lang='lat' dir='ltr'>citato</span> <span class='ocrx_word' id='word_1_168' title='bbox 786 2773 887 2818; x_wconf 90' lang='lat' dir='ltr'>cursu</span> <span class='ocrx_word' id='word_1_169' title='bbox 909 2758 941 2818; x_wconf 87' lang='lat' dir='ltr'>et</span> <span class='ocrx_word' id='word_1_170' title='bbox 963 2753 1107 2836; x_wconf 89' lang='lat' dir='ltr'>impetu:</span> <span class='ocrx_word' id='word_1_171' title='bbox 1131 2753 1172 2818; x_wconf 88' lang='lat' dir='ltr'>cl.</span> <span class='ocrx_word' id='word_1_172' title='bbox 1188 2754 1275 2830; x_wconf 63' lang='grc' dir='ltr'>ἀθά.</span> 
     </span>
     <span class='ocr_line' id='line_1_23' title="bbox 44 2863 1273 2946; baseline 0.004 -21"><span class='ocrx_word' id='word_1_173' title='bbox 44 2863 153 2938; x_wconf 61' lang='lat'>3217.</span> <span class='ocrx_word' id='word_1_174' title='bbox 182 2863 223 2926; x_wconf 92' lang='lat' dir='ltr'>de</span> <span class='ocrx_word' id='word_1_175' title='bbox 251 2863 352 2944; x_wconf 84' lang='lat' dir='ltr'>agric.</span> <span class='ocrx_word' id='word_1_176' title='bbox 381 2864 490 2927; x_wconf 88' lang='lat'>1311.</span> <span class='ocrx_word' id='word_1_177' title='bbox 518 2864 560 2928; x_wconf 92' lang='lat' dir='ltr'>de</span> <span class='ocrx_word' id='word_1_178' title='bbox 587 2865 644 2927; x_wconf 88' lang='lat' dir='ltr'>rit.</span> <span class='ocrx_word' id='word_1_179' title='bbox 672 2867 755 2928; x_wconf 89' lang='lat' dir='ltr'>Mos.</span> <span class='ocrx_word' id='word_1_180' title='bbox 778 2863 878 2928; x_wconf 73' lang='lat'>1184.</span> <span class='ocrx_word' id='word_1_181' title='bbox 911 2865 981 2930; x_wconf 71' lang='lat'>123.</span> <span class='ocrx_word' id='word_1_182' title='bbox 1011 2863 1053 2928; x_wconf 87' lang='lat' dir='ltr'>de</span> <span class='ocrx_word' id='word_1_183' title='bbox 1082 2867 1210 2946; x_wconf 85' lang='lat' dir='ltr'>septen.</span> <span class='ocrx_word' id='word_1_184' title='bbox 1239 2883 1273 2946; x_wconf 69' lang='lat' dir='ltr'>p,</span> 
     </span>
     <span class='ocr_line' id='line_1_24' title="bbox 43 2970 1273 3057; baseline 0.002 -21"><span class='ocrx_word' id='word_1_185' title='bbox 43 2973 122 3051; x_wconf 82' lang='grc'>47,6</span> <span class='ocrx_word' id='word_1_186' title='bbox 146 2972 371 3055; x_wconf 86' lang='lat' dir='ltr'>(Tischend.);</span> <span class='ocrx_word' id='word_1_187' title='bbox 394 2975 474 3040; x_wconf 89' lang='lat' dir='ltr'>item</span> <span class='ocrx_word' id='word_1_188' title='bbox 497 2975 679 3039; x_wconf 79' lang='lat' dir='ltr'>Lucienus.</span> <span class='ocrx_word' id='word_1_189' title='bbox 718 2970 846 3057; x_wconf 83' lang='grc' dir='ltr'>ἀπάτη</span> <span class='ocrx_word' id='word_1_190' title='bbox 869 2974 959 3057; x_wconf 89' lang='lat' dir='ltr'>apud</span> <span class='ocrx_word' id='word_1_191' title='bbox 974 2974 1152 3038; x_wconf 88' lang='lat' dir='ltr'>Philonem</span> <span class='ocrx_word' id='word_1_192' title='bbox 1174 2975 1220 3042; x_wconf 86' lang='lat' dir='ltr'>(et</span> <span class='ocrx_word' id='word_1_193' title='bbox 1236 2973 1273 3038; x_wconf 87' lang='lat' dir='ltr'>in</span> 
     </span>
     <span class='ocr_line' id='line_1_25' title="bbox 43 3073 1272 3166; baseline 0.002 -20"><span class='ocrx_word' id='word_1_194' title='bbox 43 3083 84 3146; x_wconf 93' lang='lat' dir='ltr'>N.</span> <span class='ocrx_word' id='word_1_195' title='bbox 110 3081 163 3164; x_wconf 82' lang='lat' dir='ltr'>T.)</span> <span class='ocrx_word' id='word_1_196' title='bbox 192 3084 321 3164; x_wconf 89' lang='lat' dir='ltr'>passim</span> <span class='ocrx_word' id='word_1_197' title='bbox 348 3103 419 3148; x_wconf 91' lang='lat' dir='ltr'>non</span> <span class='ocrx_word' id='word_1_198' title='bbox 446 3085 608 3161; x_wconf 81' lang='lat' dir='ltr'>fraudem,</span> <span class='ocrx_word' id='word_1_199' title='bbox 638 3085 699 3148; x_wconf 88' lang='lat' dir='ltr'>sed</span> <span class='ocrx_word' id='word_1_200' title='bbox 726 3085 902 3150; x_wconf 85' lang='lat' dir='ltr'>illecebras</span> <span class='ocrx_word' id='word_1_201' title='bbox 925 3084 1103 3166; x_wconf 77' lang='lat' dir='ltr'>significat:</span> <span class='ocrx_word' id='word_1_202' title='bbox 1132 3073 1272 3166; x_wconf 54' lang='lat' dir='ltr'>{dall</span> 
     </span>
     <span class='ocr_line' id='line_1_26' title="bbox 43 3190 1271 3278; baseline 0.004 -25"><span class='ocrx_word' id='word_1_203' title='bbox 43 3192 102 3275; x_wconf 84' lang='grc' dir='ltr'>τῆς</span> <span class='ocrx_word' id='word_1_204' title='bbox 126 3190 249 3277; x_wconf 84' lang='grc' dir='ltr'>ἀπάτης</span> <span class='ocrx_word' id='word_1_205' title='bbox 270 3191 424 3277; x_wconf 78' lang='grc' dir='ltr'>πρόφασις</span> <span class='ocrx_word' id='word_1_206' title='bbox 439 3194 622 3277; x_wconf 84' lang='lat' dir='ltr'>(serpentis</span> <span class='ocrx_word' id='word_1_207' title='bbox 638 3195 673 3259; x_wconf 93' lang='lat' dir='ltr'>in</span> <span class='ocrx_word' id='word_1_208' title='bbox 688 3195 872 3278; x_wconf 83' lang='lat' dir='ltr'>paradiso),</span> <span class='ocrx_word' id='word_1_209' title='bbox 894 3195 989 3272; x_wconf 71' lang='grc' dir='ltr'>(3.3,λά</span> <span class='ocrx_word' id='word_1_210' title='bbox 1004 3193 1060 3272; x_wconf 85' lang='grc' dir='ltr'>τάς</span> <span class='ocrx_word' id='word_1_211' title='bbox 1075 3193 1111 3258; x_wconf 77' lang='lat' dir='ltr'>ct</span> <span class='ocrx_word' id='word_1_212' title='bbox 1124 3191 1271 3278; x_wconf 75' lang='grc' dir='ltr'>γοητείας</span> 
     </span>
     <span class='ocr_line' id='line_1_27' title="bbox 43 3296 1274 3390; baseline 0.002 -25"><span class='ocrx_word' id='word_1_213' title='bbox 43 3305 102 3366; x_wconf 81' lang='grc' dir='ltr'>καὶ</span> <span class='ocrx_word' id='word_1_214' title='bbox 132 3301 269 3380; x_wconf 85' lang='grc' dir='ltr'>ἀπάτας.</span> <span class='ocrx_word' id='word_1_215' title='bbox 300 3306 341 3370; x_wconf 87' lang='lat' dir='ltr'>cf.</span> <span class='ocrx_word' id='word_1_216' title='bbox 370 3307 494 3370; x_wconf 85' lang='lat' dir='ltr'>Moeris</span> <span class='ocrx_word' id='word_1_217' title='bbox 522 3307 680 3372; x_wconf 81' lang='lat' dir='ltr'>Atticista</span> <span class='ocrx_word' id='word_1_218' title='bbox 708 3304 813 3390; x_wconf 84' lang='grc' dir='ltr'>ἀπάτη</span> <span class='ocrx_word' id='word_1_219' title='bbox 842 3298 990 3390; x_wconf 80' lang='grc' dir='ltr'>ήπλάνη</span> <span class='ocrx_word' id='word_1_220' title='bbox 1018 3296 1095 3388; x_wconf 84' lang='grc' dir='ltr'>παρ’</span> <span class='ocrx_word' id='word_1_221' title='bbox 1114 3301 1274 3386; x_wconf 66' lang='grc' dir='ltr'>Ἀττικοῖς,</span> 
     </span>
     <span class='ocr_line' id='line_1_28' title="bbox 43 3407 1271 3500; baseline 0.003 -24"><span class='ocrx_word' id='word_1_222' title='bbox 43 3411 153 3497; x_wconf 87' lang='grc' dir='ltr'>ἀπάτη</span> <span class='ocrx_word' id='word_1_223' title='bbox 187 3407 209 3498; x_wconf 78' lang='grc' dir='ltr'>ἡ</span> <span class='ocrx_word' id='word_1_224' title='bbox 242 3414 347 3498; x_wconf 52' lang='grc' dir='ltr'>τέρψις</span> <span class='ocrx_word' id='word_1_225' title='bbox 379 3410 455 3499; x_wconf 81' lang='grc' dir='ltr'>παρ’</span> <span class='ocrx_word' id='word_1_226' title='bbox 483 3415 653 3500; x_wconf 86' lang='grc' dir='ltr'>Ἕλλησιν.</span> <span class='ocrx_word' id='word_1_227' title='bbox 686 3415 875 3500; x_wconf 81' lang='grc' dir='ltr'>γνώριμος</span> <span class='ocrx_word' id='word_1_228' title='bbox 907 3416 997 3498; x_wconf 90' lang='lat' dir='ltr'>apud</span> <span class='ocrx_word' id='word_1_229' title='bbox 1030 3415 1207 3480; x_wconf 88' lang='lat' dir='ltr'>Philonem</span> <span class='ocrx_word' id='word_1_230' title='bbox 1236 3417 1271 3480; x_wconf 86' lang='lat' dir='ltr'>et</span> 
     </span>
     <span class='ocr_line' id='line_1_29' title="bbox 43 3521 1273 3610; baseline 0 -22"><span class='ocrx_word' id='word_1_231' title='bbox 43 3525 132 3589; x_wconf 86' lang='lat' dir='ltr'>alios</span> <span class='ocrx_word' id='word_1_232' title='bbox 157 3527 340 3608; x_wconf 86' lang='lat' dir='ltr'>scriptores</span> <span class='ocrx_word' id='word_1_233' title='bbox 362 3527 571 3608; x_wconf 86' lang='lat' dir='ltr'>posteriores</span> <span class='ocrx_word' id='word_1_234' title='bbox 592 3525 784 3608; x_wconf 76' lang='lat' dir='ltr'>discipulum</span> <span class='ocrx_word' id='word_1_235' title='bbox 807 3526 981 3610; x_wconf 75' lang='lat' dir='ltr'>significat,</span> <span class='ocrx_word' id='word_1_236' title='bbox 1008 3530 1042 3592; x_wconf 91' lang='lat' dir='ltr'>et</span> <span class='ocrx_word' id='word_1_237' title='bbox 1066 3521 1273 3610; x_wconf 77' lang='grc' dir='ltr'>ὑφηγητης</span> 
     </span>
     <span class='ocr_line' id='line_1_30' title="bbox 43 3633 1271 3719; baseline 0.002 -22"><span class='ocrx_word' id='word_1_238' title='bbox 43 3633 250 3719; x_wconf 71' lang='lat' dir='ltr'>mupistrum:</span> <span class='ocrx_word' id='word_1_239' title='bbox 273 3637 314 3700; x_wconf 89' lang='lat' dir='ltr'>cf.</span> <span class='ocrx_word' id='word_1_240' title='bbox 337 3638 421 3714; x_wconf 84' lang='lat'>57‚9.</span> <span class='ocrx_word' id='word_1_241' title='bbox 448 3637 490 3701; x_wconf 92' lang='lat' dir='ltr'>de</span> <span class='ocrx_word' id='word_1_242' title='bbox 511 3643 599 3719; x_wconf 88' lang='lat' dir='ltr'>post.</span> <span class='ocrx_word' id='word_1_243' title='bbox 629 3637 727 3702; x_wconf 87' lang='lat' dir='ltr'>Caini</span> <span class='ocrx_word' id='word_1_244' title='bbox 749 3637 857 3702; x_wconf 73' lang='lat'>1254.</span> <span class='ocrx_word' id='word_1_245' title='bbox 881 3637 922 3700; x_wconf 89' lang='lat' dir='ltr'>de</span> <span class='ocrx_word' id='word_1_246' title='bbox 945 3636 1062 3701; x_wconf 80' lang='lat' dir='ltr'>ebriet,</span> <span class='ocrx_word' id='word_1_247' title='bbox 1090 3637 1103 3700; x_wconf 95' lang='lat' dir='ltr'>l</span> <span class='ocrx_word' id='word_1_248' title='bbox 1126 3636 1198 3700; x_wconf 68' lang='lat' dir='ltr'>:roc</span> <span class='ocrx_word' id='word_1_249' title='bbox 1227 3635 1271 3700; x_wconf 88' lang='lat' dir='ltr'>de</span> 
     </span>
     <span class='ocr_line' id='line_1_31' title="bbox 43 3741 1274 3831; baseline 0 -21"><span class='ocrx_word' id='word_1_250' title='bbox 43 3747 101 3811; x_wconf 90' lang='lat' dir='ltr'>vit.</span> <span class='ocrx_word' id='word_1_251' title='bbox 118 3747 204 3811; x_wconf 84' lang='lat' dir='ltr'>Mos.</span> <span class='ocrx_word' id='word_1_252' title='bbox 224 3748 318 3812; x_wconf 85' lang='lat'>1193.</span> <span class='ocrx_word' id='word_1_253' title='bbox 340 3745 482 3831; x_wconf 76' lang='grc' dir='ltr'>γυμνάς</span> <span class='ocrx_word' id='word_1_254' title='bbox 496 3748 725 3830; x_wconf 82' lang='lat' dir='ltr'>metaphorice</span> <span class='ocrx_word' id='word_1_255' title='bbox 739 3751 921 3830; x_wconf 86' lang='lat' dir='ltr'>usurpatur</span> <span class='ocrx_word' id='word_1_256' title='bbox 939 3747 998 3822; x_wconf 70' lang='grc' dir='ltr'>Μ.</span> <span class='ocrx_word' id='word_1_257' title='bbox 1016 3745 1077 3824; x_wconf 81' lang='grc'><strong>7,6.</strong></span> <span class='ocrx_word' id='word_1_258' title='bbox 1100 3741 1274 3824; x_wconf 72' lang='grc' dir='ltr'>δικάζειν</span> 
     </span>
     <span class='ocr_line' id='line_1_32' title="bbox 45 3855 1271 3940; baseline 0.001 -19"><span class='ocrx_word' id='word_1_259' title='bbox 45 3859 87 3921; x_wconf 90' lang='lat' dir='ltr'>de</span> <span class='ocrx_word' id='word_1_260' title='bbox 104 3875 266 3922; x_wconf 90' lang='lat' dir='ltr'>sensuum</span> <span class='ocrx_word' id='word_1_261' title='bbox 286 3858 411 3922; x_wconf 89' lang='lat' dir='ltr'>iudicio</span> <span class='ocrx_word' id='word_1_262' title='bbox 434 3859 629 3922; x_wconf 86' lang='lat' dir='ltr'>dictumest</span> <span class='ocrx_word' id='word_1_263' title='bbox 650 3857 849 3934; x_wconf 66' lang='lat' dir='ltr'>(discernere</span> <span class='ocrx_word' id='word_1_264' title='bbox 864 3855 1035 3940; x_wconf 73' lang='lat' dir='ltr'>cacrrwrc)</span> <span class='ocrx_word' id='word_1_265' title='bbox 1058 3857 1141 3934; x_wconf 72' lang='lat' dir='ltr'>mc</span> <span class='ocrx_word' id='word_1_266' title='bbox 1164 3857 1271 3932; x_wconf 74' lang='grc' dir='ltr'>48,Ιῖ5.</span> 
     </span>
     <span class='ocr_line' id='line_1_33' title="bbox 43 3963 1272 4050; baseline -0.002 -20"><span class='ocrx_word' id='word_1_267' title='bbox 43 3967 150 4043; x_wconf 86' lang='grc'><strong>61,16.</strong></span> <span class='ocrx_word' id='word_1_268' title='bbox 175 3967 294 4032; x_wconf 89' lang='lat' dir='ltr'>eadem</span> <span class='ocrx_word' id='word_1_269' title='bbox 309 3969 404 4032; x_wconf 91' lang='lat' dir='ltr'>notio</span> <span class='ocrx_word' id='word_1_270' title='bbox 420 3969 510 4032; x_wconf 87' lang='lat' dir='ltr'>inest</span> <span class='ocrx_word' id='word_1_271' title='bbox 532 3969 567 4032; x_wconf 89' lang='lat' dir='ltr'>in</span> <span class='ocrx_word' id='word_1_272' title='bbox 588 3969 692 4032; x_wconf 88' lang='lat' dir='ltr'>verbo</span> <span class='ocrx_word' id='word_1_273' title='bbox 714 3967 861 4050; x_wconf 72' lang='lat' dir='ltr'>apt-terr</span> <span class='ocrx_word' id='word_1_274' title='bbox 881 3969 966 4042; x_wconf 54' lang='lat' dir='ltr'>lodi.</span> <span class='ocrx_word' id='word_1_275' title='bbox 990 3963 1149 4050; x_wconf 73' lang='grc' dir='ltr'>δύναμις</span> <span class='ocrx_word' id='word_1_276' title='bbox 1163 3963 1272 4030; x_wconf 66' lang='lat' dir='ltr'>inulti·</span> 
     </span>
     <span class='ocr_line' id='line_1_34' title="bbox 37 4075 1271 4161; baseline 0.001 -22"><span class='ocrx_word' id='word_1_277' title='bbox 37 4075 244 4159; x_wconf 79' lang='lat' dir='ltr'>plicationem</span> <span class='ocrx_word' id='word_1_278' title='bbox 285 4079 339 4141; x_wconf 87' lang='lat' dir='ltr'>vel</span> <span class='ocrx_word' id='word_1_279' title='bbox 376 4099 452 4142; x_wconf 87' lang='lat' dir='ltr'>eam</span> <span class='ocrx_word' id='word_1_280' title='bbox 490 4099 656 4144; x_wconf 87' lang='lat' dir='ltr'>summam</span> <span class='ocrx_word' id='word_1_281' title='bbox 692 4099 778 4161; x_wconf 85' lang='lat' dir='ltr'>quac</span> <span class='ocrx_word' id='word_1_282' title='bbox 814 4079 956 4143; x_wconf 78' lang='lat' dir='ltr'>eflicitur</span> <span class='ocrx_word' id='word_1_283' title='bbox 992 4077 1271 4160; x_wconf 80' lang='lat' dir='ltr'>multiplicatione</span> 
     </span>
    </p>
   </div>
   <div class='ocr_carea' id='block_1_4' title="bbox 42 4367 1273 4702">
    <p class='ocr_par' dir='ltr' id='par_1_5' title="bbox 42 4367 1273 4702">
     <span class='ocr_line' id='line_1_35' title="bbox 131 4367 1270 4443; baseline -0.004 -15"><span class='ocrx_word' id='word_1_284' title='bbox 131 4376 153 4443; x_wconf 84' lang='lat'>¹)</span> <span class='ocrx_word' id='word_1_285' title='bbox 173 4375 207 4428; x_wconf 84' lang='lat' dir='ltr'>cf.</span> <span class='ocrx_word' id='word_1_286' title='bbox 226 4375 303 4428; x_wconf 87' lang='lat' dir='ltr'>Zeno</span> <span class='ocrx_word' id='word_1_287' title='bbox 321 4392 366 4443; x_wconf 80' lang='lat' dir='ltr'>ap.</span> <span class='ocrx_word' id='word_1_288' title='bbox 385 4375 463 4428; x_wconf 84' lang='lat' dir='ltr'>Stoh.</span> <span class='ocrx_word' id='word_1_289' title='bbox 481 4375 539 4428; x_wconf 82' lang='lat' dir='ltr'>EcL</span> <span class='ocrx_word' id='word_1_290' title='bbox 556 4375 642 4429; x_wconf 70' lang='lat' dir='ltr'>[lat</span> <span class='ocrx_word' id='word_1_291' title='bbox 659 4375 755 4434; x_wconf 71' lang='lat' dir='ltr'>(Diels,</span> <span class='ocrx_word' id='word_1_292' title='bbox 775 4374 893 4440; x_wconf 56' lang='lat' dir='ltr'>Doroa</span> <span class='ocrx_word' id='word_1_293' title='bbox 912 4389 938 4442; x_wconf 80' lang='lat' dir='ltr'>p,</span> <span class='ocrx_word' id='word_1_294' title='bbox 956 4373 1018 4438; x_wconf 62' lang='lat' dir='ltr'>h&#39;tly</span> <span class='ocrx_word' id='word_1_295' title='bbox 1037 4371 1114 4436; x_wconf 66' lang='lat' dir='ltr'>com</span> <span class='ocrx_word' id='word_1_296' title='bbox 1130 4371 1183 4438; x_wconf 76' lang='grc' dir='ltr'>γάρ</span> <span class='ocrx_word' id='word_1_297' title='bbox 1201 4367 1270 4424; x_wconf 73' lang='grc' dir='ltr'>ἀνιά-</span> 
     </span>
     <span class='ocr_line' id='line_1_36' title="bbox 44 4453 1270 4528; baseline -0.003 -14"><span class='ocrx_word' id='word_1_298' title='bbox 44 4481 123 4528; x_wconf 87' lang='grc' dir='ltr'>φοιτοι</span> <span class='ocrx_word' id='word_1_299' title='bbox 140 4457 217 4513; x_wconf 76' lang='grc' dir='ltr'>ταῦτ’</span> <span class='ocrx_word' id='word_1_300' title='bbox 241 4466 306 4513; x_wconf 71' lang='grc' dir='ltr'>εῖναι</span> <span class='ocrx_word' id='word_1_301' title='bbox 323 4463 367 4514; x_wconf 77' lang='grc' dir='ltr'>διά</span> <span class='ocrx_word' id='word_1_302' title='bbox 385 4463 416 4514; x_wconf 72' lang='grc' dir='ltr'>τὸ</span> <span class='ocrx_word' id='word_1_303' title='bbox 439 4463 553 4527; x_wconf 70' lang='grc' dir='ltr'>μηδενὸς</span> <span class='ocrx_word' id='word_1_304' title='bbox 575 4465 695 4528; x_wconf 69' lang='grc' dir='ltr'>μετάγειν</span> <span class='ocrx_word' id='word_1_305' title='bbox 718 4459 829 4526; x_wconf 53' lang='grc' dir='ltr'>ῥάμνος,</span> <span class='ocrx_word' id='word_1_306' title='bbox 854 4459 926 4527; x_wconf 60' lang='lat' dir='ltr'>aliud</span> <span class='ocrx_word' id='word_1_307' title='bbox 951 4457 1099 4510; x_wconf 75' lang='lat' dir='ltr'>Philonem</span> <span class='ocrx_word' id='word_1_308' title='bbox 1122 4453 1270 4522; x_wconf 59' lang='lat' dir='ltr'>daemoes</span> 
     </span>
     <span class='ocr_line' id='line_1_37' title="bbox 42 4543 1273 4616; baseline -0.001 -15"><span class='ocrx_word' id='word_1_309' title='bbox 42 4549 143 4616; x_wconf 84' lang='lat' dir='ltr'>legitur</span> <span class='ocrx_word' id='word_1_310' title='bbox 166 4549 201 4600; x_wconf 89' lang='lat' dir='ltr'>de</span> <span class='ocrx_word' id='word_1_311' title='bbox 225 4548 291 4614; x_wconf 72' lang='lat' dir='ltr'>opit</span> <span class='ocrx_word' id='word_1_312' title='bbox 312 4565 349 4601; x_wconf 83' lang='lat' dir='ltr'>m.</span> <span class='ocrx_word' id='word_1_313' title='bbox 371 4550 459 4614; x_wconf 62' lang='lat' dir='ltr'>otili.</span> <span class='ocrx_word' id='word_1_314' title='bbox 481 4549 516 4600; x_wconf 87' lang='lat' dir='ltr'>de</span> <span class='ocrx_word' id='word_1_315' title='bbox 535 4549 582 4600; x_wconf 75' lang='lat' dir='ltr'>rit.</span> <span class='ocrx_word' id='word_1_316' title='bbox 604 4548 672 4602; x_wconf 71' lang='lat' dir='ltr'>Hos,</span> <span class='ocrx_word' id='word_1_317' title='bbox 690 4547 714 4601; x_wconf 90' lang='lat' dir='ltr'>ll</span> <span class='ocrx_word' id='word_1_318' title='bbox 734 4547 792 4600; x_wconf 81' lang='lat'>111.</span> <span class='ocrx_word' id='word_1_319' title='bbox 812 4547 870 4600; x_wconf 73' lang='lat' dir='ltr'>llo,</span> <span class='ocrx_word' id='word_1_320' title='bbox 895 4545 940 4612; x_wconf 79' lang='lat' dir='ltr'>[dc</span> <span class='ocrx_word' id='word_1_321' title='bbox 963 4545 1067 4598; x_wconf 72' lang='lat' dir='ltr'>ruarmo</span> <span class='ocrx_word' id='word_1_322' title='bbox 1086 4543 1110 4600; x_wconf 82' lang='lat'>11</span> <span class='ocrx_word' id='word_1_323' title='bbox 1127 4544 1188 4598; x_wconf 68' lang='lat' dir='ltr'>ora,</span> <span class='ocrx_word' id='word_1_324' title='bbox 1206 4544 1273 4600; x_wconf 69' lang='lat' dir='ltr'>orl,</span> 
     </span>
     <span class='ocr_line' id='line_1_38' title="bbox 44 4633 522 4702; baseline -0.006 -14"><span class='ocrx_word' id='word_1_325' title='bbox 44 4636 78 4688; x_wconf 89' lang='lat' dir='ltr'>de</span> <span class='ocrx_word' id='word_1_326' title='bbox 96 4634 197 4688; x_wconf 87' lang='lat' dir='ltr'>incorr.</span> <span class='ocrx_word' id='word_1_327' title='bbox 215 4634 312 4686; x_wconf 85' lang='lat' dir='ltr'>mundi</span> <span class='ocrx_word' id='word_1_328' title='bbox 328 4634 355 4686; x_wconf 88' lang='grc' dir='ltr'><strong>Π</strong></span> <span class='ocrx_word' id='word_1_329' title='bbox 371 4635 432 4686; x_wconf 72' lang='lat' dir='ltr'>lca.</span> <span class='ocrx_word' id='word_1_330' title='bbox 450 4633 522 4702; x_wconf 63' lang='lat'>513}</span> 
     </span>
    </p>
   </div>
   <div class='ocr_carea' id='block_1_5' title="bbox 0 0 1579 5238">
    <p class='ocr_par' dir='ltr' id='par_1_6' title="bbox 0 0 1579 5238">
     <span class='ocr_line' id='line_1_39' title="bbox 0 0 1579 5238; baseline 0 0"><span class='ocrx_word' id='word_1_331' title='bbox 0 0 1579 5238; x_wconf 95' lang='lat' dir='ltr'> </span> 
     </span>
    </p>
   </div>
  </div>
 </body>
</html>
