3092 5236
536 337 701 484 ’ω’

58 589 247 678 ἡγεμονικόν
268 592 416 670 ποικίλως
438 591 698 679 φαντασιούμενον
721 590 874 677 ἀνάλογόν
895 615 923 656 τι
945 592 1042 678 τούτῳ
1064 593 1211 657 πείσεται.

55 705 136 768 ibid.
159 706 221 768 249
244 704 381 788 καὶγὰρ
404 697 473 769 κατ’
497 703 572 769 αύτό
594 702 629 768 τὸ
651 703 793 789 ὑπάρχον
807 705 857 768 δεῖ
873 704 1016 789 γίνεσθαι
1037 704 1094 789 τήν
1116 725 1211 769 κατα-

54 813 211 900 ληπτικήν
239 817 418 900 φαντασίαν,
448 817 537 901 (250)
567 814 603 880 ού
632 816 693 901 μήν
721 813 803 878 ἀλλά
831 817 885 879 καί
914 814 1212 901 ἐναπομεμαγμένην

56 928 111 989 καί
128 926 454 1012 έναπεσφραγισμένην
467 925 639 1012 τυγχάνειν,
656 927 704 991 ίνα
718 925 819 991 πάντα
835 933 984 1012 τεχνικῶς
1006 927 1045 990 τά
1062 924 1211 1012 ἰδιώματα

54 1043 116 1102 τῶν
137 1044 313 1123 φαντασιῶν
335 1035 557 1123 ἀναμάττηται.
586 1038 674 1122 (λὸί)
698 1030 738 1114 ῶς
764 1037 826 1122 γάρ
856 1039 885 1102 σί
904 1037 1031 1122 γλυφεῖς
1052 1039 1128 1102 πᾶσι
1149 1048 1211 1114 τοῖς

56 1148 163 1234 μέρεσι
185 1148 397 1234 συμβάλλουσι
424 1150 483 1214 τῶν
511 1149 712 1235 τελουμένων,
741 1150 796 1212 καί
824 1144 857 1213 ὃν
884 1147 997 1232 τρόπον
1024 1148 1056 1211 αί
1078 1146 1129 1211 διὰ
1150 1149 1210 1212 τῶν

56 1259 230 1324 δακτυλίων
259 1260 429 1346 σφραγῶες
457 1258 506 1323 ἀεὶ
533 1258 650 1336 πάντας
679 1257 730 1323 ἐπ’
756 1257 881 1344 ἀκριβὲς
908 1257 979 1334 τούς
1004 1258 1211 1342 χαρακτῆρας

54 1370 318 1458 ἐναπομάττονται
339 1372 382 1457 τῷ
404 1378 505 1456 κηρῷ,
530 1369 610 1436 ούτω
633 1373 688 1434 καὶ
710 1370 739 1434 οί
754 1367 931 1453 κατάληψιν
952 1366 1129 1454 ποιούμενοι
1151 1350 1210 1435 τῶν

55 1481 266 1569 ὑποκειμένων
286 1489 379 1548 πᾶσιν
395 1480 552 1566 ὀφείλουσι
574 1492 636 1559 τοῖς
657 1479 815 1567 ίδιῶμασιν
838 1479 938 1546 αὐτῶν
960 1479 1144 1566 ἐπιβάλλειν.
1169 1481 1210 1545 σί.

52 1596 148 1676 Diog.
171 1597 227 1660 La.
253 1596 378 1660 v1145.
401 1597 453 1660 46.
477 1597 527 1660 50.

1 1709 101 1786 620:
124 1708 228 1772 Plat.
255 1707 341 1771 Tim.
365 1708 434 1771 31a
455 1703 585 1789 πότερον
608 1704 661 1770 οὖν
684 1701 788 1789 ὀρθῶς
811 1707 865 1769 ἕνα
894 1702 1022 1790 οὐρανὸν
1044 1702 1209 1788 προσειρή-

52 1839 155 1902 καμεν
177 1815 198 1901 ή
220 1816 355 1893 πολλοὺς
383 1819 438 1881 καί
466 1815 610 1900 ἀπείρους
636 1816 738 1900 λέγειν
766 1815 805 1900 ήν
828 1814 1012 1900 όρθότερονς
1036 1817 1100 1896 ἕνα,
1123 1816 1209 1898 είπερ

52 1927 138 1992 κατὰ
165 1925 200 1992 τό
229 1926 429 2014 παράδειγμα
458 1927 760 2013 δεδημιουργημένος
788 1929 888 1991 ἔσται.
918 1923 952 1990 τό
980 1923 1042 2009 γάρ
1064 1925 1210 2009 περιέχον

51 2038 164 2123 πάντα,
188 2032 289 2103 ὁπόσα
311 2039 409 2124 νοητὰ
430 2039 506 2125 ζῷα,
524 2037 599 2125 μεθ’
618 2038 724 2123 ἑτέρου
747 2037 891 2122 δεύτερον
913 2036 972 2102 οὐκ
994 2037 1031 2100 ἀν
1052 2034 1123 2100 ποτ’
1149 2038 1209 2122 εἴη.

53 2202 61 2216 .
87 2209 93 2220 ,
120 2202 126 2215 .
151 2151 200 2217 ίνα
222 2148 275 2216 οὖν
296 2149 369 2214 τόδε
391 2147 474 2214 κατά
495 2150 552 2235 τήν
575 2147 705 2235 μόνωσιν
728 2147 833 2235 ὅμοιον
854 2149 875 2234 ή
898 2149 941 2235 τῷ
964 2147 1111 2214 παντελεῖ
1127 2144 1209 2232 ζῴῳ,
1253 2193 1255 2197 -

52 2261 104 2326 διά
132 2266 230 2324 ταῦτα
258 2260 329 2325 οὔτε
356 2259 412 2325 δύο
440 2256 506 2326 οὔτ’
542 2259 686 2344 ἀπείρους
720 2260 865 2345 ἐποίησεν
897 2257 913 2322 ό
941 2261 1036 2324 ποιῶν
1062 2257 1209 2344 κόσμους,

51 2370 126 2436 ἀλλ’
151 2373 194 2449 είς
216 2371 270 2435 ὅδε
300 2371 468 2458 μονογενής
497 2370 627 2457 οὐρανός
653 2371 789 2456 γεγονῶς
818 2373 882 2434 ἔστι
910 2393 942 2434 τε
966 2373 1021 2435 καὶ
1043 2363 1087 2434 ἔτ’
1113 2371 1207 2434 ἔσται.

50 2486 147 2564 Diog.
171 2485 227 2547 La.
251 2483 306 2548 VII
333 2484 391 2546 143
415 2480 460 2546 ὅτι
482 2481 517 2545 δ’
542 2482 584 2558 είς
608 2483 670 2545 έστι
694 2480 724 2566 (ό
746 2479 887 2567 κόσμος),
910 2480 1038 2565 Ζήνων
1060 2481 1152 2566 φησίν
1175 2481 1206 2544 έν

51 2596 95 2679 τῷ
118 2597 266 2679 περὶτοῦ
289 2592 363 2657 ὅλου
386 2596 441 2656 καί
467 2591 696 2677 Χρύσιππος
722 2595 777 2656 καὶ
800 2586 1092 2676 Ἀπολλόδωρος
1114 2593 1205 2676 ἐντή

50 2706 169 2790 φυσική
192 2707 247 2769 καί
268 2703 530 2782 Ποσειδώνιος
552 2704 583 2769 ἐν
605 2703 719 2788 πρώτῳ
740 2707 796 2768 τού
819 2705 951 2788 φυσικοῦ
972 2701 1078 2788 λόγου.

1 2820 78 2898 ιὸ,λ1
107 2837 195 2899 sqq.:
218 2818 325 2900 Plat.
349 2817 435 2882 Tim.
460 2818 526 2880 320
549 2821 608 2880 τῶν
631 2817 665 2878 δέ
688 2815 727 2900 δή
751 2814 904 2898 τεττάρων
927 2815 959 2880 ἓν
981 2813 1054 2879 ὅλον
1076 2816 1209 2878 ἕκαστον

50 2929 180 3012 εἴληφεν
201 2919 223 3010 ή
245 2928 299 2990 τοῦ
322 2926 442 3012 κόσμου
464 2925 620 3004 ξύστασις·
644 2927 681 2990 ἐκ
703 2927 764 3012 γάρ
787 2926 882 3011 πυρὸς
904 2926 1016 3002 παντὸς
1039 2919 1150 3000 ύδατός
1172 2945 1206 2986 τε

49 3041 107 3102 καὶ
135 3032 226 3122 ἀέρος
258 3040 312 3102 καί
345 3038 403 3123 γῆς
436 3037 618 3122 ξυνέστησεν
651 3035 743 3101 αὐτόν
772 3031 788 3100 ό
817 3034 962 3115 ξυνιστάς,
998 3035 1089 3121 μέρος
1117 3032 1206 3098 οὐδὲν

50 3149 176 3225 οὐδενὸς
198 3142 271 3212 ούδὲ
292 3147 418 3234 δύναμιν
440 3149 558 3228 ἔξωθεν
580 3144 747 3231 ὑπολιπών,
770 3146 845 3212 τάδε
868 3147 1055 3232 διανοηθείς,
1084 3145 1206 3229 πρῶτον

51 3263 108 3346 μέν
130 3261 179 3325 ίνα
202 3259 274 3324 ὅλον
297 3258 342 3324 ότι
366 3259 499 3345 μάλιστα
521 3261 602 3346 ζῷον
622 3259 729 3324 τέλεον
752 3258 917 3324 ἐκτελέων
939 3259 998 3325 τῶν
1022 3261 1122 3343 μερῶν
1144 3257 1203 3339 εἴη,

49 3371 129 3455 πρὸς
151 3373 186 3434 δέ
207 3369 325 3448 τούτοις
348 3373 389 3454 έν,
406 3371 461 3436 ἅτε
478 3365 539 3456 οὐχ
559 3368 826 3455 ὑπολελειμμένων
849 3370 881 3447 ἐξ
904 3368 945 3435 ῶν
968 3368 1046 3433 ἀλλο
1068 3372 1205 3432 τοιοῦτον

48 3479 161 3566 γένοιτ’
187 3479 233 3562 ἀν,
257 3481 301 3545 ἔτι
324 3481 359 3544 δέ
381 3482 430 3545 ίνα
453 3474 580 3565 ἀγήρων
602 3482 657 3544 καί
679 3479 790 3544 ἄνοσον
811 3477 843 3563 ή.

0 3593 57 3670 72
82 3614 148 3674 sq.:
171 3593 274 3656 Plat.
298 3593 384 3657 Tim.
408 3593 474 3656 550
496 3589 518 3654 οἳ
540 3589 580 3674 δή
602 3612 645 3668 τις
668 3590 695 3654 εἰ
715 3588 817 3654 πάντα
845 3586 1043 3674 λογιζόμενος
1066 3586 1218 3672 ἐμμελῶςΙ

50 3701 196 3787 ἀποροίη,
225 3699 356 3786 πότερον
385 3695 530 3787 ἀπείρους
561 3701 625 3787 χρή
654 3699 790 3786 κόσμους
819 3701 894 3764 εῖναι
926 3699 1026 3784 λέγειν
1054 3697 1076 3784 ή
1109 3697 1205 3781 πέρας

49 3815 190 3898 ἔχοντας,
212 3810 247 3876 τό
272 3815 326 3898 μέν
349 3801 494 3897 ἀπείρους
515 3806 660 3899 ἡγήσαιτ’
686 3811 722 3876 ἀν
751 3810 845 3887 ὄντως
872 3808 1001 3895 ἀπείρου
1028 3808 1106 3884 τινὸς
1129 3808 1207 3872 εἶναι

50 3921 154 4009 δόγμα
176 3921 219 3989 ῶν
241 3924 386 4009 ἔμπειρον
408 3924 511 4008 χρεῶν
533 3925 617 3989 εἶναι.
