3142 5238
1193 376 1260 442 LlIl

17 564 122 628 sicut
151 563 222 626 ἐκεῖ
246 566 280 627 εί
308 561 427 643 ἐκεῖσε,
457 561 544 626 ἔνδον
566 566 599 626 et
622 563 709 644 εἴσω,
739 561 799 626 ποῦ
827 566 861 627 εί
887 571 945 627 ποῖ
970 563 1043 628 sim.
1073 569 1259 630 commuta·

14 677 173 751 hautun
202 674 262 738 sed
284 672 487 756 aliquotiens
517 693 557 738 ea
583 673 651 738 iam
681 674 850 739 veteribus
875 675 1095 756 scriptoribus
1120 676 1258 742 excidit:

17 788 134 852 Hom.
163 786 271 851 Ebdl
299 778 386 848 ὅσσοι
415 785 500 848 ἔασιν
528 777 582 849 ὑπ’
612 782 661 868 ἠῶ
689 782 719 848 τ’
743 777 848 869 ἠέλιόν
875 806 918 850 τε.
948 787 1054 852 0349
1082 785 1104 871 ἤ
1131 808 1192 852 που
1215 789 1259 852 ἔτι

19 896 167 974 ζώουσιν
188 889 242 960 ὑπ’
260 889 358 980 αιἰγοίς
379 892 508 980 ἠελίοιο.
532 897 638 960 Thuo.
658 889 826 962 Ιί186ὑπ’
844 894 954 974 αὐτοὺς
975 898 1060 963 είναι.
1083 900 1257 965 Demosth.

21 1010 136 1074 XVIII
157 1009 222 1074 270
249 1006 309 1073 τῶν
336 1004 396 1072 ὑπὸ
425 1006 532 1072 τοῦτον
559 1004 611 1072 τὸν
641 1001 730 1091 ἥλιον
758 1005 944 1092 ἀνθρώπων.
969 1010 1010 1074 cf.
1033 1011 1073 1074 H.
1097 1011 1193 1076 SteIn
1215 1012 1258 1076 ad

24 1120 161 1185 Herod.
185 1120 213 1184 V
238 1120 285 1183 10.
308 1119 486 1184 Rehdautz
509 1119 553 1184 ad
573 1119 658 1184 Xeu.
681 1120 789 1184 Anah.
812 1121 941 1200 vl13,5
964 1125 997 1186 et
1019 1121 1075 1185 Vll
1097 1122 1179 1199 732.

123 1233 265 1297 Formae
280 1231 494 1314 pronominis
506 1230 655 1296 reflexivi
671 1229 783 1294 ἑαυτοῦ
799 1230 913 1316 έοιυτῆς
928 1238 989 1298 cet.
1003 1236 1037 1296 et
1048 1234 1259 1300 demonstre-
1315 1318 1317 1322 ι

23 1344 95 1408 tivi
119 1341 215 1408 αὐτοῦ
238 1340 333 1425 αὐτῆς
349 1347 410 1408 eet.
427 1362 447 1406 a
462 1342 608 1408 librariis
625 1343 823 1424 saepissime
839 1344 927 1408 inter
946 1364 982 1409 se
999 1345 1258 1412 confunduntur.

24 1457 129 1520 velut
140 1457 202 1534 4‚1‚
213 1456 271 1520 ubi
282 1455 381 1536 vulgo
394 1457 484 1519 recte
496 1455 617 1536 legitur
636 1451 794 1539 ίσούμενος
810 1463 872 1531 τοῖς
889 1454 1001 1520 ἑαυτοῦ
1014 1455 1135 1540 μέρεσιν
1148 1457 1201 1542 (ef.
1219 1459 1260 1522 de

25 1567 93 1632 vit.
109 1567 193 1631 Moe.
215 1566 242 1629 ll
264 1567 333 1630 148.
355 1565 397 1630 de
410 1566 513 1630 decal.
526 1565 553 1630 ΙΙ
567 1563 651 1649 184),
670 1566 803 1631 codices
819 1567 970 1649 plerique
986 1571 1019 1632 et
1034 1568 1153 1650 optimi
1165 1564 1260 1632 αὑτοῦ

29 1681 177 1758 habent,
193 1679 287 1756 37‚1e
311 1674 406 1741 αὐτοῦ
429 1677 564 1742 codices
589 1696 724 1754 omnes;
748 1678 849 1743 etiarn
873 1679 914 1742 de
942 1683 1071 1761 septen.
1092 1680 1118 1744 ll
1140 1681 1203 1746 278
1226 1681 1262 1746 in

28 1791 156 1856 codice
169 1788 215 1852 M
221 1797 283 1866 τοῖς
298 1787 393 1854 αὐτοῦ
416 1789 538 1876 μέρεσιν
552 1790 618 1853 ἴσον
635 1790 797 1871 scripturn
819 1794 872 1855 est
888 1789 987 1872 (teste
1003 1792 1259 1858 Tischendorfio

29 1903 173 1968 Philon.
201 1923 234 1984 p.
267 1901 382 1987 15‚13).
412 1902 487 1980 6,10
513 1902 591 1967 libri
620 1921 739 1966 omues
768 1902 906 1967 tradunt
933 1903 989 1986 τῆς
1014 1900 1143 1987 οἰρίστης
1165 1900 1260 1967 αὐτοῦ

30 2013 163 2098 φύσεως
196 2005 255 2076 οὐκ
288 2009 478 2097 έρθόνηοενι
513 2016 548 2078 at
581 2013 617 2078 in
651 2013 752 2078 simili
782 2015 951 2078 sententia
979 2015 1027 2093 7‚1
1059 2011 1095 2077 od
1122 2011 1198 2098 πρὸς
1225 2012 1259 2078 τὸ

31 2124 179 2210 μέγεθος
213 2121 371 2208 εὐεργετεῖ
400 2129 460 2189 τῶν
492 2116 587 2188 αὐτοῦ
619 2123 757 2208 χαρίτων
791 2126 897 2190 codex
926 2126 1073 2208 optimus
1103 2123 1133 2186 V
1159 2126 1262 2190 habet

33 2235 169 2301 ἑαυτοῦ.
194 2236 346 2318 equidem
371 2236 478 2300 sicubi
502 2235 670 2301 sententia
691 2237 895 2318 postulabat,
917 2257 1107 2319 pronomen
1131 2237 1260 2300 reflexi·

30 2369 118 2414 vum
140 2349 193 2412 vel
216 2352 334 2414 contra
355 2347 518 2413 librorum
540 2348 640 2412 fidem
664 2348 840 2414 restituere
863 2369 933 2414 non
956 2348 1113 2414 dubitavi.

126 2461 320 2525 Pronomen
349 2453 442 2523 αὐτό
465 2481 485 2524 a
507 2459 650 2525 Philone
680 2480 780 2543 saepe
809 2480 885 2526 curn
913 2463 1075 2526 vocabulo
1099 2459 1192 2545 μόνον
1215 2461 1261 2525 ite

34 2573 265 2654 coniungitur,
287 2576 324 2637 ut
346 2572 417 2638 eius
440 2572 508 2636 rim
534 2572 769 2638 tantummodo
798 2576 919 2654 augeat
941 2592 1003 2637 nec
1024 2593 1086 2654 per
1109 2592 1145 2636 se
1168 2571 1260 2654 quic-

35 2704 144 2767 quam
166 2683 337 2765 significet.
362 2683 402 2746 ci.
425 2683 517 2760 22,ss
542 2678 620 2765 πρὸς
642 2679 718 2745 αὐτὸ
741 2680 834 2767 μόνον
855 2681 912 2766 τὴν
934 2682 994 2747 τῶν
1022 2680 1173 2766 σωμάτων
1196 2681 1270 2745 δια--

36 2792 149 2881 μονήν.
179 2795 272 2872 31‚13
301 2792 452 2878 διφθέραν
481 2790 511 2856 δ’
536 2789 611 2856 αὐτὸ
641 2791 734 2879 μόνον
754 2794 881 2878 ἔχοντος
903 2793 1141 2878 σκεπαστήριον.
1165 2795 1261 2873 66,14

33 2905 195 2990 λέγεσθαι
216 2897 246 2968 δ’
272 2897 347 2970 αὐτὸ
370 2903 462 2991 μόνον
482 2901 561 2989 πρὸς
583 2901 768 2988 ἀνθρώπων.
797 2907 858 2988 leg.
882 2907 978 2988 alleg.
1002 2906 1015 2969 Ι
1036 2907 1078 2970 45
1101 2905 1262 2980 κοινωνίας

35 3019 95 3080 καὶ
119 3013 257 3093 ένοίοεως
286 3013 469 3100 ἀνθρώπων,
498 3009 557 3080 οὐκ
585 3015 734 3101 ἐπιμιξίας
762 3012 836 3081 αὐτὸ
866 3015 969 3102 μόνον,
996 3014 1075 3080 οὖσα
1103 3016 1195 3080 αἰτία.
1220 3018 1261 3081 de

36 3134 131 3210 post.
156 3127 251 3193 Caini
274 3128 287 3191 Ι
308 3129 370 3192 u45
394 3124 494 3203 οἷκοοὶς
522 3119 597 3190 αὐτὸ
626 3126 717 3213 μόνον
738 3120 853 3212 ἡδύνει.
877 3130 890 3193 Ι
911 3130 973 3194 em
996 3121 1104 3211 ὑδρίας
1132 3125 1161 3191 δ’
1186 3125 1260 3191 αὐτὸ
1399 3187 1405 3190 .

38 3239 145 3325 μόνον.
175 3240 216 3304 de
246 3259 353 3304 somn.
382 3239 396 3302 l
424 3239 486 3304 625
514 3236 587 3302 ἀλλ’
619 3237 655 3302 οὐ
684 3237 777 3323 ψιλὴν
806 3237 881 3303 αὐτὸ
910 3239 1002 3325 μόνον
1023 3237 1128 3323 φωνήν
1151 3237 1260 3324 ἀργήν.

39 3352 81 3416 (Ιε
105 3351 232 3414 Abrah.
255 3351 282 3414 ll
303 3353 323 3414 b
347 3342 383 3413 ori
404 3350 482 3434 πρὸς
503 3349 555 3415 τὸν
578 3351 703 3417 ἐκείνων
726 3352 849 3418 ἔπαινον
872 3345 947 3417 αὐτὸ
971 3349 1072 3437 μόνον.

127 3462 334 3527 Pronomina
362 3463 626 3528 demonstrativa
654 3461 766 3541 οὗτος
795 3469 828 3530 εί
857 3462 921 3528 ὅδε
950 3465 1135 3531 secundum
1162 3485 1261 3531 usum

38 3576 214 3656 vulgarem
235 3593 255 3638 e
277 3573 419 3638 Philone
446 3575 637 3656 promiscue
666 3595 705 3640 ae
735 3576 808 3640 sine
832 3576 1026 3642 discrimine
1047 3581 1262 3659 usurpantur.

40 3685 81 3749 ci.
98 3683 176 3762 253
192 3681 308 3768 εἰσάγει
322 3681 383 3769 γὰρ
398 3683 449 3750 τὸν
463 3685 585 3771 πατέρα
599 3689 660 3752 τῶν
680 3685 760 3754 ὅλων
782 3689 893 3751 ταυτί
914 3687 1061 3772 λέγοντα·
1084 3687 1263 3775 ποιήσωμεν

42 3795 112 3860 κτλ.
143 3796 217 3874 37‚4
245 3804 394 3881 μαρτυρεῖ
419 3796 454 3860 δέ
478 3847 484 3860 .
509 3847 516 3862 .
541 3847 548 3861 .
577 3796 736 3874 Φιλόλαος
765 3799 797 3862 ἐν
824 3797 989 3875 τούτοις·
1019 3801 1084 3864 έστι
1111 3799 1172 3885 γὰρ
1194 3800 1262 3864 κτλ.

44 3909 139 3987 14,17
166 3899 220 3991 ἥδ’
245 3907 325 3974 ἐστὶν
354 3907 444 3972 αίτία.
473 3910 568 3988 u8‚18
596 3908 655 3994 ἥδε
684 3912 739 3995 μέν
761 3911 845 3975 αἰτία
866 3909 974 3996 πρώτη
1000 3961 1007 3977 .
1032 3962 1039 3977 .
1063 3962 1070 3976 .
1094 3904 1115 3995 ἡ
1139 3913 1174 3975 δέ
1196 3911 1263 3975 δευ-

42 4018 119 4102 τέρα
141 4017 208 4083 κτλ.
232 4020 325 4097 30ss
349 4019 479 4105 δευτέρα
494 4023 549 4106 μέν
565 4021 647 4087 αίτία
662 4020 721 4107 ἥδε
735 4022 894 4108 λελέχθω,
910 4021 996 4108 τρίτη
1020 4019 1050 4087 δ’
1070 4023 1133 4087 ἐστὶ
1147 4021 1261 4087 τοιάδε.

44 4131 130 4194 nihil
152 4130 239 4194 inter
263 4149 298 4194 se
323 4131 481 4198 differunt
504 4131 592 4210 οὗτος
614 4130 631 4197 ὁ
654 4131 773 4220 κόσμος
800 4134 896 4217 (430.
921 4135 993 4214 7‚13
1017 4138 1091 4215 etc.)
1115 4139 1148 4199 et
1170 4132 1224 4198 ὅδε
1245 4127 1264 4199 δ

45 4238 164 4326 κόσμος
192 4240 287 4323 (223.
311 4242 383 4320 3‚15
414 4243 498 4327 etc).
529 4265 637 4327 neque
665 4246 734 4310 ulle
763 4246 942 4312 intercedit
964 4245 1152 4311 differentia
1175 4246 1264 4311 inter

46 4359 181 4429 τοιοῦτος
203 4357 236 4417 et
257 4351 392 4418 τοιόσδει
417 4355 457 4421 cf.
481 4356 522 4421 de
536 4377 664 4438 praem.
688 4361 721 4422 et
742 4378 841 4440 poen.
865 4360 966 4423 11421
993 4355 1047 4422 ἐὰν
1068 4357 1129 4442 γὰρ
1152 4358 1203 4424 οία
1223 4357 1264 4421 τοὶ

48 4461 242 4549 βουλεύματα
256 4465 387 4530 τοιοῦτοι
401 4465 431 4530 οί
451 4465 550 4552 λόγοι,
572 4470 628 4533 καὶ
648 4468 698 4532 οία
720 4467 759 4533 τοὶ
774 4467 929 4555 λεγόμενα
949 4469 1065 4535 τοιαίδε
1086 4469 1119 4534 αί
1139 4468 1264 4556 πράξεις

47 4573 133 4642 ὦσιν.
157 4597 218 4642 nec
234 4578 470 4644 discernuntur
481 4581 645 4644 vocabula
667 4579 758 4652 ἄλλοι
774 4585 807 4646 et
822 4583 936 4665 ἕτεροις
960 4581 1000 4645 cf.
1020 4583 1066 4660 1‚1
1085 4581 1145 4647 τῶν
1160 4581 1263 4648 ἄλλων

48 4688 223 4772 νομοθετῶν
245 4693 278 4754 et
302 4692 352 4770 1‚9
374 4683 396 4775 ἢ
418 4689 596 4768 συναινέοας
617 4699 680 4768 τοῖς
702 4687 754 4776 ὑφ’
780 4691 893 4774 έτέρων
914 4691 1113 4761 συντεθεῖσίν.
