3142 5238
216 1655 304 1768 Non
333 1704 583 1784 indignaturum
607 1703 656 1768 Te
686 1723 796 1784 spero,
825 1705 987 1769 Guilelme
1009 1703 1230 1784 Studemund,
1260 1703 1349 1787 quod

128 1833 252 1896 laetam
286 1833 502 1898 occasionem
535 1834 600 1896 hoc
636 1833 722 1896 festo
761 1834 814 1898 die
849 1835 996 1899 oblatam
1030 1835 1204 1917 amplexus
1239 1834 1349 1898 Tuum

128 1981 256 2026 nomen
279 1962 356 2025 huic
372 1962 459 2026 libro
483 1961 651 2043 inscripsi,
675 1961 797 2044 quippe
815 1963 871 2044 qui
893 1964 977 2027 nulli
1000 1964 1099 2028 fuerit
1114 1983 1213 2027 curae
1229 1961 1348 2026 maiori

129 2111 230 2173 quam
253 2091 341 2156 Tibi.
365 2111 444 2155 nam
468 2111 542 2155 cum
566 2095 695 2155 aestate
719 2091 798 2156 anni
824 2093 905 2156 1887
928 2093 1034 2173 Regia
1048 2092 1230 2156 Academia
1245 2091 1348 2154 Bero-

127 2220 270 2284 linensis
302 2220 345 2285 ad
379 2223 550 2285 certamen
578 2222 619 2285 de
645 2220 795 2302 praemio
827 2220 1034 2285 Carlottiano
1067 2223 1287 2302 provocasset
1316 2222 1349 2282 et

127 2349 281 2414 Philonis
304 2350 524 2414 Alexandrini
547 2349 696 2414 libellum
720 2351 761 2414 de
785 2350 916 2432 opificio
939 2349 1056 2413 mundi
1079 2350 1210 2414 ratione
1235 2348 1349 2413 critica

128 2479 342 2543 tractandum
371 2479 615 2562 proposuisset,
650 2499 711 2560 ego
734 2479 789 2542 vix
819 2479 855 2541 in
886 2483 1056 2543 certamen
1084 2478 1350 2556 descendissem,

130 2607 198 2670 nisi
221 2607 273 2671 Tu
294 2607 384 2671 vires
406 2628 499 2673 meas
523 2607 598 2672 aliis
623 2607 899 2702 occupationibus
927 2607 1093 2671 distentas
1116 2607 1194 2671 huic
1218 2628 1349 2690 quoque

127 2736 236 2800 labori
271 2737 468 2802 suffecturas
503 2758 579 2802 esse
613 2737 826 2801 credidisses.
870 2736 904 2798 in
932 2737 1035 2815 ltalia,
1069 2737 1126 2801 ubi
1159 2741 1230 2801 tum
1264 2737 1351 2802 forte

128 2867 301 2946 morabar,
341 2867 447 2930 libros
487 2886 589 2930 manu
630 2865 774 2947 scriptos
812 2864 964 2928 Philonis
999 2864 1112 2929 statim
1157 2866 1349 2930 examinare

50 3049 54 3063 .
129 2998 161 3058 et
195 2996 349 3059 conferre
379 2996 489 3077 coepi;
523 3016 631 3079 neque
664 2995 754 3059 enim
787 2994 823 3057 in
855 2994 924 3058 ullo
958 2995 1121 3076 scriptore
1150 3015 1206 3059 ars
1234 2995 1350 3060 critica

129 3128 221 3188 certo
251 3126 341 3206 quod
370 3125 405 3188 in
436 3125 589 3190 codicum
612 3125 775 3189 memoria
804 3124 961 3189 consistit
987 3125 1206 3189 fundamento
1235 3144 1348 3189 carere

127 3256 250 3334 potest,
275 3257 307 3317 et
330 3274 414 3336 quae
437 3255 479 3317 ab
504 3254 689 3318 editoribus
702 3253 855 3318 Philonis
872 3253 913 3317 de
936 3254 1100 3317 librorum
1123 3273 1225 3318 manu
1242 3253 1348 3334 scrip-

127 3386 239 3446 torum
262 3381 325 3444 fide
342 3386 375 3446 et
397 3383 596 3447 auctoritate
620 3384 729 3447 adhuc
746 3386 905 3464 congesta
929 3386 1008 3447 sunt
1025 3403 1065 3447 ea
1087 3382 1226 3446 minime
1250 3381 1349 3446 satis-

129 3511 240 3576 facere
267 3512 310 3574 ab
344 3511 440 3575 initio
469 3512 554 3577 mihi
587 3512 751 3594 persuasi.
800 3511 953 3576 Philonis
989 3511 1089 3592 igitur
1120 3511 1271 3575 libellum
1306 3510 1348 3574 ad

129 3640 283 3704 codicum
304 3639 404 3704 fidem
428 3642 632 3705 recensitum
656 3646 689 3706 et
710 3645 874 3724 apparatu
894 3640 1011 3704 critico
1034 3639 1349 3722 prolegomenisque

128 3768 329 3833 instructum
352 3769 554 3833 Academiae
587 3769 712 3834 tradidi
746 3775 846 3853 atque
881 3768 1021 3848 contigit
1053 3769 1137 3832 mihi
1169 3772 1206 3832 ut
1240 3766 1350 3848 opella

129 3918 205 3963 mea
228 3877 249 3961 a
270 3897 351 3962 viris
376 3898 583 3963 doctissimis
613 3904 646 3964 et
669 3899 866 3964 clarissimis
889 3898 987 3962 laude
1009 3897 1225 3979 praemioque
1249 3896 1348 3976 digna

127 4026 341 4090 iudicaretur.
365 4027 461 4091 novis
486 4029 574 4092 curis
603 4032 738 4092 auctum
768 4032 802 4092 et
824 4027 1038 4091 emendatum
1059 4027 1183 4089 librum
1210 4023 1349 4088 tandem

127 4155 163 4219 in
186 4156 295 4220 lucem
323 4156 450 4234 emitto,
480 4157 603 4239 quoin
632 4157 839 4221 absolvendo
864 4160 896 4220 et
924 4153 1143 4238 perpoliendo
1166 4154 1240 4218 Tua
1269 4154 1349 4217 doc-

127 4285 217 4349 trina
233 4286 408 4367 Tuumque
432 4286 592 4349 auxilium
608 4305 780 4368 nunquam
804 4285 887 4349 mihi
904 4284 1091 4349 defuerunt.
1114 4283 1225 4346 verbis
1243 4283 1348 4364 scrip-

128 4413 212 4477 toris
237 4413 403 4495 duplicem
426 4414 680 4480 adnotationem
697 4414 833 4493 subieci,
856 4435 959 4478 unam
983 4433 1047 4495 qua
1070 4411 1224 4476 codicum
1243 4411 1348 4492 scrip-

128 4547 223 4607 turae
252 4543 496 4628 discrepantias
532 4544 675 4622 enotavi,
711 4544 852 4607 alteram
887 4563 952 4624 qua
983 4542 1077 4605 locos
1112 4538 1301 4620 simillimos
1331 4558 1348 4600 e

129 4672 266 4754 reliquis
282 4672 436 4737 Philonis
459 4673 564 4736 libris·
580 4674 739 4737 collectos
763 4671 936 4753 descripsi.
960 4670 1081 4734 deinde
1103 4669 1140 4732 in
1163 4667 1348 4749 appendice
