3092 5236
566 365 608 430 49

487 457 688 466 m

10 574 105 660 κράν
129 573 250 652 είωθῶς
271 573 305 640 εύ
334 573 418 660 μάλα
445 575 578 660 θεωρεῖν
604 576 659 639 καὶ
680 573 940 661 καταλαμβάνειν,
962 583 1115 660 στοιχεῖον
1138 573 1192 660 μὲν

9 711 76 752 ται
100 689 177 752 είναι
197 684 254 773 τήν
276 685 415 773 μεγάλην
438 685 608 769 θάλατταν,
625 695 733 771 μοῖραν
747 685 896 772 τετάρτην
917 693 976 752 τῶν
1000 685 1192 773 συμπάντων,

42 800 76 863 οἱ
105 795 174 884 μετ’
205 796 297 864 αὐτόν
320 796 474 864 Ὠκεανόν
501 797 782 883 προσαγορεύοντες
812 797 851 863 τά
877 797 953 884 παρ’
981 796 1054 884 ημῖν
1085 796 1218 864 πλωτά4

7 908 103 996 λάγη
132 910 261 996 λιμένων
288 911 371 996 ἔχειν
401 909 523 996 μεγέθη
552 909 722 996 νομίζουσι·
750 910 785 974 τό
814 911 848 974 δέ
869 908 969 995 γλυκύ
991 912 1045 974 καί
1066 907 1193 995 πότιμον

7 1044 59 1107 ορ
92 1022 239 1106 διέκρινεν
266 1016 328 1088 ἀπὸ
356 1023 410 1088 τοῦ
437 1021 608 1087 θαλαττίου
637 1018 896 1107 προσκατατάξας
917 1019 993 1086 αύτό
1014 1027 1053 1107 τῇ
1075 1023 1117 1107 γῇ
1139 1023 1194 1086 καί
1236 1031 1250 1075 5

7 1156 71 1210 νος
106 1133 220 1219 ταύτης
252 1127 432 1220 ύπολαβῶν,
466 1130 524 1197 ούκ
560 1133 695 1217 ἐκείνου,
728 1131 779 1198 διά
811 1131 867 1219 την
898 1131 1069 1218 λεχθεῖσαν
1097 1131 1194 1198 αἰτίαν

7 1244 141 1330 ότερον,
164 1244 203 1312 ἵν’
227 1243 268 1323 ῶς
290 1245 327 1311 ἀν
349 1243 409 1310 ύπό
432 1247 547 1330 δεσμοῦ
569 1244 738 1330 συνέχηται
759 1244 891 1330 γλυκείᾳ
917 1243 1056 1330 ποιότητι
1077 1244 1195 1330 κόλλης

7 1356 95 1422 ἀπον
117 1354 259 1442 ἐνούσης·
287 1355 369 1443 ξηρά
395 1354 456 1442 γάρ
485 1355 723 1442 ἀπολειφθεῖσα,
754 1358 797 1443 μή
820 1357 1058 1442 παραδυομένης
1079 1356 1195 1433 νοτίδος

7 1479 17 1533 ἰ
48 1470 117 1534 τῶν
139 1468 345 1555 ἀραιωμάτων
365 1469 561 1554 πολυσχιδῶν
589 1467 802 1555 έπιφοιτῶσης,
824 1471 841 1510 *
862 1471 916 1510 **
942 1468 1002 1534 κάν
1024 1468 1195 1534 διελέλυτο·

7 1582 147 1666 νέχεται
182 1582 217 1645 δέ
256 1582 310 1645 καί
348 1579 482 1667 διαμένει
519 1580 559 1644 τά
593 1581 648 1665 μέν
680 1579 852 1665 πνεύματος
885 1579 1030 1645 ένωτικού
1070 1578 1196 1665 δυνάμει
1218 1590 1252 1634 1⁰

32 1695 77 1757 δὲ
101 1698 157 1777 τῆς
178 1692 294 1770 νοτίδος
315 1689 375 1757 οάκ
397 1689 497 1777 έῶσης
525 1689 774 1776 ἀφαυαινομένην
796 1690 879 1756 κατὰ
901 1690 1000 1776 τρύφη
1024 1689 1120 1777 μικρά
1142 1692 1196 1754 καί

7 1804 110 1892 γάλα
143 1803 355 1888 θρύπτεσθαι.
390 1803 445 1889 μία
479 1805 533 1889 μέν
566 1803 647 1867 αίτία
683 1801 757 1887 ἥδε.
780 1802 907 1868 λεκτέον
940 1804 975 1867 δέ
1007 1804 1061 1867 καί
1090 1801 1197 1886 έτέραν

7 1915 218 2002 οχαζομένην
252 1909 355 2000 ὥσπερ
389 1915 509 1980 σκοποῦ
542 1915 597 2000 τῆς
634 1912 801 2000 ἀληθείας.
839 1913 927 1980 οὐδέν
962 1915 1022 1979 τῶν
1057 1920 1198 2000 γηγενῶν

7 2052 46 2094 ευ
82 2024 182 2113 ὑγράς
208 2025 313 2104 ούσίας
340 2026 544 2092 συνίστασθαι
571 2025 704 2111 πέφυκε·
734 2024 882 2111 μηνύουσι
910 2019 939 2090 δ’
964 2027 997 2090 αῖ
1022 2024 1198 2112 καταβολαὶ

7 2141 32 2206 ἰν
67 2137 267 2224 σπερμάτων,
298 2135 376 2222 άπερ
405 2137 427 2225 ἤ
455 2131 536 2223 ύγρά
558 2138 646 2220 ἐστιν,
675 2130 716 2214 ῶς
737 2138 777 2202 τά
798 2138 858 2203 τῶν
879 2135 976 2224 ζῴων,
998 2136 1020 2223 ἦ
1044 2134 1102 2202 ούκ
1125 2137 1197 2202 ἀνευ
1219 2154 1254 2198 15

7 2250 156 2335 φότητος
178 2248 356 2336 βλαστάνει,
378 2250 505 2314 τοιαῦτα
533 2250 568 2313 δέ
595 2247 634 2313 τά
661 2250 721 2316 τῶν
749 2251 850 2334 φυτῶν
873 2250 966 2314 ἐστιν·
991 2249 1022 2328 ἐξ
1045 2247 1080 2313 ού
1104 2247 1198 2333 δῆλον

7 2386 19 2426 ι
44 2359 177 2446 ἀνάγκη
200 2359 256 2445 την
277 2360 449 2445 λεχθεῖσαν
470 2358 567 2446 ύγράν
590 2353 695 2426 ούσίαν
718 2361 810 2446 μέρος
832 2362 908 2427 είναι
935 2362 994 2447 γῆς
1020 2366 1077 2446 τῆς
1096 2359 1198 2426 πάντα

7 2472 159 2558 κτούσης,
174 2471 323 2557 καθάπερ
345 2481 410 2550 ταῖς
425 2472 540 2558 γυναιξί
561 2469 617 2558 τὴν
638 2471 737 2557 φοράν
758 2479 818 2539 τῶν
839 2473 1052 2559 καταμηνίων·
1074 2472 1199 2560 λέγεται

7 2585 37 2670 ἰρ
69 2583 127 2650 οὖν
157 2586 212 2647 καί
238 2584 336 2648 ταῦτα
363 2582 440 2668 πρὸς
466 2582 584 2670 ἀνδρῶν
612 2590 748 2669 φυσικῶν
775 2583 864 2650 οὐσία
891 2584 1053 2672 σωματικὴ
1078 2585 1199 2672 βρεφῶν

9 2719 71 2762 ναι.
97 2701 161 2760 τῶν
183 2693 214 2758 δ’
238 2694 406 2781 εἰρημένων
428 2688 487 2759 ούκ
510 2693 623 2781 ἀπᾴδει
644 2699 699 2760 καί
720 2695 755 2760 τό
783 2695 896 2782 μέλλον
923 2697 1088 2783 λέγεσθαι·
1111 2695 1198 2782 πάση
1219 2706 1254 2751 2⁰

12 2810 72 2892 ητρὶ
103 2804 257 2890 καθάπερ
287 2804 532 2892 ἀναγκαιότατον
559 2807 651 2894 μέρος
677 2801 698 2894 ἠ
727 2807 816 2893 φύσις
841 2809 1039 2896 πηγάζοντας
1061 2808 1199 2876 ἀνέδωκε

70 3027 294 3096 1μακράΜΒ1)
358 3027 490 3093 εἰωθόςθ
548 3029 744 3098 θοίεταιείναι]
758 3030 941 3099 εῖναιφησίΜ
1001 3029 1200 3085 3010111.BD

19 3112 80 3183 παρ’
92 3115 159 3184 ἡμῖν
177 3133 264 3171 om.a
315 3117 462 3183 ἀλιμένων]
481 3117 577 3183 λιμνῶν
589 3117 659 3171 coni.
669 3118 811 3172 Markland
824 3118 958 3187 (Mangey)
1012 3121 1113 3186 μεγέθη
1125 3117 1199 3173 Mb:

19 3203 64 3270 ’γον
81 3221 106 3260 a
162 3204 244 3256 ὅτού
262 3202 418 3272 θαλαττίου]
436 3205 485 3271 τῆς
502 3203 642 3270 θαλάσσης
660 3221 684 3259 a
735 3205 942 3271 προκατατάξας
959 3203 990 3256 D
1041 3207 1079 3272 τῇ
1097 3207 1137 3272 γῇ
1150 3203 1200 3258 M:

21 3288 189 3346 {om.oeteri
258 3289 933 3359 6διάτήνΜιδιάγετηνα,διάτετηνὺ
1009 3288 1202 3346 7όινοιῐι.Μ

23 3371 82 3446 ἀπὸ]
102 3374 158 3430 ἀπὸ
178 3375 215 3428 Μ
281 3379 381 3442 δεσμῶν
399 3374 429 3428 D
498 3377 515 3428 8
534 3370 673 3444 ἐνούσης
691 3375 785 3430 ABG:
804 3377 1015 3446 ένούσηςΜΒδ
1034 3379 1201 3444 (εεάἑεοιι.

24 3462 245 3533 ’έΜΗ),ὲνούση
255 3463 343 3530 Mang.
358 3463 521 3532 (Markland)
575 3464 653 3533 ξηρά]
667 3462 770 3530 ξυράθ
819 3461 1050 3532 ἀποληφθεῖσαί)
1101 3468 1202 3527 νοτίδος

55 3556 79 3602 εί
87 3550 236 3619 ὑγρότητος
248 3555 312 3618 post
322 3548 498 3617 ἀραιωμάτων
510 3551 573 3604 add.
582 3568 607 3606 a
659 3552 675 3604 9
688 3551 850 3618 πολυσχιδῶν
862 3552 1020 3606 Turnebus:
1038 3553 1202 3618 πολυσχιδῶς

55 3639 135 3703 ,(καί
158 3641 323 3704 πολυσχιδῶς
341 3636 441 3705 Mang.)
531 3643 594 3691 ante
612 3637 663 3690 κᾶν
682 3639 815 3691 διελέλυτο
833 3639 1029 3693 interciderunt
1051 3655 1107 3693 non
1125 3638 1203 3691 nulla

52 3723 85 3775 ἀν
102 3726 274 3777 διελέλυτο
293 3722 343 3778 M:
360 3723 412 3777 κάν
424 3727 519 3776 διεῖλεν
532 3719 596 3777 αύτό
609 3729 637 3789 b,
655 3725 708 3778 κάν
719 3730 766 3777 καί
778 3727 821 3778 διά
833 3729 910 3778 τοῦτο
924 3729 1018 3778 διεῖλεν
1036 3727 1142 3795 (διεῖλον
1159 3723 1202 3790 D)

52 3809 57 3822 ’
75 3827 96 3865 a
169 3811 199 3863 11
219 3810 277 3878 τῆς
294 3814 423 3874 νοτίδος
441 3809 547 3867 ΜΕαι
565 3814 613 3880 τῆς
632 3828 685 3866 om.
704 3816 724 3867 b
803 3807 1015 3880 ἀφαυαινομένην
1032 3817 1068 3867 b:
1088 3829 1141 3865 om.
1160 3808 1201 3875 Μ,

53 3901 186 3950 υαίνεσθαι
203 3901 250 3949 καί
268 3914 291 3953 a
365 3898 463 3967 τρύφη]
482 3898 567 3966 δρύφη
587 3897 621 3962 F,
639 3899 739 3968 τρυφὴν
757 3897 794 3952 Μ
879 3900 911 3952 13
930 3901 1031 3951 σκοπού
1055 3896 1133 3954 Mb:
1155 3899 1202 3949 τοῦ

65 3985 92 4034 ού
109 4001 132 4039 a
205 3984 239 4036 14
254 3987 358 4050 πέφυκε
376 3986 544 4037 συνίστασθαι
561 4002 585 4041 a
654 3985 778 4053 μηνύουσι
796 3989 826 4038 δὲ
843 3988 920 4038 τούτο
940 3986 1095 4053 Christoph.
1113 3984 1202 4050 βίους.

40 4056 60 4118 '1
75 4085 124 4123 om.
143 4069 182 4124 M
188 4139 193 4150 υ
258 4073 290 4124 15
309 4074 377 4140 θέρη
397 4076 461 4125 παῖε
480 4071 547 4139 ἅπερ
567 4073 629 4126 add.
648 4071 685 4125 M
762 4071 877 4142 ῆύγρά]
895 4071 912 4140 ἡ
931 4071 1000 4140 ύγρά
1018 4073 1052 4135 Α,
1070 4071 1087 4139 ἢ
1107 4069 1204 4124 οιιι.0

52 4154 109 4207 δδέ
124 4163 173 4210 καί
189 4158 224 4210 τά
241 4159 299 4226 (καί
316 4159 462 4228 superser.)
480 4157 519 4213 M
584 4157 724 4226 φοιτῶνθ
791 4159 914 4227 δηλονότι
926 4157 1034 4214 FABO
1102 4158 1133 4212 17
1152 4157 1204 4225 γῆς

78 4245 121 4310 τῆς
142 4248 194 4313 γῆς
212 4243 249 4298 Μ
334 4247 366 4298 18
388 4249 557 4313 καταμηνίων
576 4245 702 4302 ΜΕάε
725 4250 923 4313 καταμηνιαίων
944 4244 1013 4300 m
1044 4245 1078 4299 ef.
1093 4261 1120 4312 p.
1142 4244 1203 4308 1ῶά

56 4325 171 4401 θταύτα]
189 4332 224 4384 τά
242 4330 279 4385 Μ
345 4334 380 4386 20
397 4330 519 4399 ἀπᾴδει
536 4331 585 4387 M:
604 4329 700 4386 ἀποδεῖ
714 4332 792 4387 ceteri

88 4495 117 4548 θθ
137 4516 196 4568 sqq.
222 4501 255 4554 de
278 4500 364 4568 plant.
387 4501 399 4553 I
422 4501 472 4554 332
496 4503 531 4568 γῇ
557 4503 586 4552 δὲ
612 4499 668 4566 ζῷά
695 4517 724 4550 τε
746 4505 859 4565 χερσαῖα
880 4500 927 4551 καί
951 4495 1027 4562 φυτά,
1051 4496 1098 4548 δύο
1116 4495 1202 4558 πάλιν,

76 4583 159 4648 ένειμε,
181 4587 229 4654 τὴν
255 4581 337 4655 αύτην
359 4605 388 4639 τε
411 4590 513 4654 μητέρα
541 4589 681 4654 βουληθείς
708 4590 773 4637 εῖναι
799 4589 846 4638 καί
867 4583 977 4651 τροφόν·
1000 4583 1127 4649 καθάπερ
1150 4583 1202 4650 γάρ

77 4673 105 4718 ικί
127 4677 169 4725 καί
195 4679 272 4726 παντί
298 4677 334 4742 τῷ
361 4674 440 4743 θήλει
462 4677 546 4741 πηγαί
568 4673 634 4740 πρὸς
660 4673 690 4724 τὸ
718 4675 822 4739 μέλλειν
849 4667 1018 4724 ἀποκυΐσκειν
1044 4665 1203 4736 άποχέονται

1035 4775 1054 4828 4
