3142 5238
1169 465 1172 470 Δ
1252 373 1296 436 XI

64 559 156 646 αὐτῷ
180 561 216 626 τό
238 561 303 646 φῶς
325 554 342 625 ό
364 560 449 639 θεός.
474 563 514 628 ci.
538 561 692 645 inprimis
716 562 829 626 adnot.
855 561 927 626 crit.
953 561 996 626 ad
1019 561 1124 640 56‚18.
1147 560 1294 640 olo-7.

63 675 155 751 ola.
180 672 557 758 61‚11.62‚4f5.oa‚8l9.
682 742 685 750 ,

156 786 227 850 lam
240 789 383 869 utroque
398 805 520 867 genere
536 785 718 850 lectionum
735 784 926 849 examinato
942 787 1098 865 recteque
1115 782 1292 848 aestimato

62 914 197 976 anceps
221 900 340 961 natura
363 897 491 961 codicis
510 895 554 958 M
572 896 620 960 sic
643 895 713 960 fere
737 895 935 979 explicanda
955 893 1097 972 videtur,
1120 897 1157 957 ut
1180 913 1293 958 exem·

61 1007 174 1087 plum,
198 1025 239 1070 ex
262 1027 327 1090 quo
349 1008 574 1089 transcriptus
598 1010 659 1082 est,
684 1006 727 1071 ad
748 1008 965 1089 archetypum
995 1005 1137 1069 rediisse
1165 1005 1293 1068 bonum

63 1137 105 1182 ac
130 1122 311 1197 vetustum,
341 1118 402 1182 sed
430 1139 471 1183 ex
499 1120 605 1183 altero
634 1117 779 1199 quodam
808 1117 923 1181 codice
953 1120 1110 1198 corrupto
1135 1119 1167 1180 et
1189 1115 1293 1179 inter·

61 1229 185 1311 polato
219 1229 332 1293 multis
366 1229 450 1293 locis
484 1232 672 1294 correctum
705 1229 758 1293 vel
790 1228 902 1310 potius
937 1229 1155 1308 depravatum
1188 1226 1292 1290 fuisse

63 1343 268 1404 statuamus.

158 1450 301 1516 Codices
325 1450 355 1513 V
378 1455 411 1516 et
438 1449 484 1514 M
505 1471 603 1531 suum
630 1454 770 1532 uterque
799 1450 910 1513 locum
939 1449 974 1512 in
997 1448 1151 1512 codicum
1174 1449 1292 1512 ordine

65 1561 276 1642 singularem
289 1563 453 1641 obtinent,
467 1563 569 1627 ceteri
587 1563 656 1626 fere
675 1582 793 1627 omnes
809 1563 844 1625 in
862 1561 946 1626 duas
961 1562 1086 1625 classes
1103 1559 1291 1624 discedunt.

155 1774 186 1838 3.
230 1775 358 1840 Prioris
372 1777 491 1841 classis
509 1776 561 1861 (a)
575 1777 745 1840 codicesa
767 1794 821 1838 me
838 1775 950 1838 collati
968 1777 1046 1838 sunt
1061 1773 1097 1837 hi
1119 1776 1290 1854 quattuor:
1310 1806 1333 1844 a

63 1885 199 1950 codex
214 1886 479 1951 Monacensis
495 1907 665 1969 graecus
681 1887 745 1951 459
761 1883 827 1969 (A),
844 1885 925 1948 cIIm
942 1886 1168 1965 Augustanus
1185 1902 1290 1947 mem·
1309 1901 1336 1954 Α

62 1996 266 2075 branaceus,
290 1997 399 2062 forma
422 1999 594 2080 quadrata,
619 2017 705 2062 saec.
721 1996 793 2060 XIII
815 2015 917 2060 manu
940 1994 1191 2076 elegantissima
1214 2014 1291 2058 exa-

62 2111 171 2170 ratus
203 2109 374 2188 specimen
403 2110 589 2191 scripturae
623 2108 694 2172 eius
729 2106 820 2171 dedit
849 2106 1092 2172 Constantinus
1126 2106 1291 2169 Tischen-

63 2217 146 2281 dorf
167 2217 203 2280 in
225 2219 338 2283 tabula
361 2220 466 2284 altera
481 2217 654 2284 Philoneis
671 2219 812 2282 adiecta.
836 2217 872 2280 in
890 2217 1000 2298 prima
1014 2215 1137 2297 pagina
1160 2215 1229 2299 (fol.
1249 2214 1291 2297 1¹)

62 2347 82 2390 a
106 2348 214 2392 manu
241 2332 428 2394 recentiore
458 2329 558 2413 (saec.
581 2331 648 2407 XV,
671 2331 708 2392 ut
729 2327 873 2411 videtur)
902 2329 986 2390 haec
1014 2328 1176 2391 adnotata
1199 2329 1290 2391 sunt:

64 2437 96 2501 ἐν
118 2443 166 2521 τῷ
189 2436 316 2522 παρόντι
339 2439 445 2526 βιβλίῳ
467 2440 590 2523 πρῶτον
605 2437 778 2522 ὀφείλουσιν
798 2435 1071 2522 ἀναγινώσκεσθαι
1093 2437 1123 2500 οἱ
1143 2435 1199 2501 δύο
1221 2439 1292 2520 περὶ

64 2548 241 2632 μοναρχίας
260 2548 364 2634 λόγοι·
389 2552 454 2614 εἶτα
476 2547 493 2613 ό
515 2552 586 2633 περὶ
608 2549 825 2634 κοσμοποιίας·
849 2550 905 2612 καί
927 2546 996 2634 μετ’
1015 2545 1107 2612 αὐτόν
1130 2545 1146 2611 ό
1168 2545 1215 2610 λό’
1237 2550 1292 2611 καί

63 2657 119 2741 λε’,
145 2659 180 2721 οἵ
199 2660 273 2724 εἰσιν
296 2661 338 2738 είς
360 2659 412 2726 τόν
436 2659 514 2746 μετά
536 2659 593 2745 την
616 2659 804 2745 έξαημερον·
828 2658 874 2723 ότι
888 2657 972 2723 κατά
988 2652 1181 2724 ἀκολουθίαν
1204 2660 1291 2724 έπον-

63 2791 116 2832 τοιι
140 2769 198 2852 τῆς
227 2770 359 2855 ἱστορίας
386 2773 441 2834 καί
466 2769 672 2855 ἀλληγορίας·
704 2773 758 2834 καί
781 2769 848 2856 μετ’
873 2763 984 2846 αότοός
1012 2767 1106 2854 όηΟς
1128 2768 1229 2853 λόγος,
1258 2766 1292 2846 ὃς

66 2879 274 2966 ἐπιγράφεται
296 2884 365 2966 περὶ
388 2881 488 2967 νόμων
511 2882 600 2966 ἱερῶν
622 2880 811 2967 ἀλληγορία·
834 2879 916 2965 πλὴν
939 2882 1030 2944 δοκεῖ
1049 2877 1203 2964 ἀναμέσον
1225 2878 1291 2943 τού-

66 3014 127 3058 των
153 2993 237 3077 έχειν
259 2997 315 3057 καί
336 2996 440 3078 ἕτερον
461 2993 566 3078 λόγον,
590 2992 623 3071 ὃς
645 2994 676 3059 έν
691 2993 734 3078 τῷ
749 2992 877 3076 παρόντι
901 2990 1007 3076 βιβλίῳ
1024 2987 1083 3054 οὐκ
1100 2991 1194 3055 ἔστιν·
1220 2982 1289 3075 μετ’

67 3102 164 3169 αὐτόν
187 3104 222 3167 δέ
244 3103 296 3170 τόν
317 3105 372 3190 ἀγοί
399 3103 494 3190 λόγον
520 3103 764 3190 ἀναγινώσκεται
792 3100 809 3165 ὃ
832 3107 874 3184 κη
903 3099 1006 3186 λόγος,
1029 3099 1065 3164 οὔ
1087 3095 1108 3186 ἡ
1133 3094 1289 3185 έπιγραφη

67 3217 139 3299 περὶ
163 3215 223 3279 τῶν
244 3215 397 3301 χερουβίμ
418 3217 473 3279 καὶ
495 3220 550 3300 τῆς
565 3215 712 3300 φλογίνης
728 3213 896 3298 ῥομφαίας·
921 3213 988 3298 έχει
1011 3213 1045 3276 δέ
1061 3211 1154 3298 μέσον
1175 3210 1291 3278 τούτων

67 3325 205 3409 έλλειψίν
227 3324 283 3391 τιν’
301 3324 342 3402 og
357 3327 455 3411 οἶμαι.
479 3327 600 3391 deinde
617 3328 658 3390 ab
676 3327 794 3390 eadem
809 3343 911 3389 manu
923 3323 1081 3388 adiuncta
1097 3327 1175 3387 sunt
1190 3325 1289 3387 haec:

67 3437 109 3513 είς
131 3435 187 3501 τόν
208 3434 258 3501 λα’
281 3436 375 3521 λόγον
396 3439 468 3521 περὶ
489 3436 639 3522 γιγάντων
662 3429 802 3521 εὑρήσεις
817 3433 862 3498 ότι
878 3432 1000 3511 δοξάζει
1014 3436 1069 3496 καί
1084 3431 1155 3510 όλος
1177 3431 1194 3497 ὁ
1216 3431 1290 3496 κόσ-

69 3578 124 3640 μος
147 3533 380 3640 πεπλήρῶόθαι
402 3558 477 3643 (εἰσ)
500 3559 610 3643 ψυχῶν
632 3559 687 3620 καί
709 3550 796 3620 αὐτοί
818 3555 848 3619 οἱ
868 3554 1041 3640 σύμπαντες
1068 3552 1194 3637 ἀστέρες
1217 3554 1290 3617 είσὶν

68 3667 216 3752 έμψυχοι,
245 3668 312 3732 ἐπεὶ
341 3665 390 3732 ἀεί
417 3672 472 3733 καί
500 3668 589 3753 ῥητοί
618 3670 699 3732 εἰσιν.
729 3671 762 3731 et
787 3667 822 3731 in
851 3667 918 3731 ima
940 3666 1062 3748 pagina
1084 3667 1182 3729 haec:
1210 3673 1290 3748 τρεῖς

67 3776 128 3861 γάρ
160 3776 251 3855 δόξας
280 3779 417 3857 ἐναντίας
445 3785 484 3865 τζγ
513 3779 668 3864 ἐκκλησίᾳ
702 3771 835 3861 εὑρίσκω
868 3783 975 3842 τοῦτον
1008 3775 1200 3861 σφάλλοντα·
1234 3774 1290 3860 την

67 3886 145 3973 ὕλην
168 3888 320 3973 ἄναρχον·
344 3887 533 3974 προΰπαρξιν
555 3890 678 3975 ψυχῶν·
701 3889 772 3965 τούς
788 3881 920 3971 ἀστέρας
935 3888 1052 3965 ζῶντας
1066 3889 1121 3950 καί
1142 3883 1195 3950 τόν
1210 3883 1289 3969 ἀέρα

68 3998 157 4076 ζωόν.
182 4003 224 4065 ab
248 4002 365 4066 eadem
387 4022 491 4066 manu
504 4002 633 4083 passim
650 4001 685 4064 in
700 4001 850 4080 margine
874 3999 1004 4063 scholia
1018 3999 1188 4080 adscripta
1211 4000 1290 4060 sunt

69 4112 192 4175 nullius
225 4112 334 4208 pretii.
369 4112 459 4176 foliis
496 4114 624 4177 lv-dv
658 4133 677 4176 a
709 4112 848 4175 librario
875 4109 1082 4194 praemissus
1117 4111 1168 4172 est
1200 4105 1289 4182 πίναξ

69 4221 222 4286 Philonis
256 4223 419 4286 librorum
454 4222 559 4287 minio
595 4223 755 4304 scriptus;
790 4222 873 4286 ordo
910 4222 1073 4284 librorum
1110 4219 1199 4281 idem
1238 4220 1289 4282 est

71 4353 168 4414 quem
190 4334 340 4416 plerique
365 4333 498 4399 codices
522 4335 621 4398 huius
645 4333 764 4397 classis
795 4333 965 4397 exhibent.
995 4331 1128 4394 libellus
1152 4328 1193 4392 de
1216 4328 1288 4410 opi-

69 4442 143 4509 ficio
166 4444 283 4509 mundi
305 4445 425 4526 legitur
448 4445 504 4509 fol.
530 4446 743 4511 1631-180v.
768 4446 807 4510 cf.
831 4445 948 4521 Hardt,
965 4442 1070 4507 Catal
1087 4441 1182 4505 codd.
1207 4461 1287 4506 mss

72 4575 116 4634 gr.
145 4556 226 4620 bibl.
254 4557 333 4620 Bar.
365 4557 405 4620 IV
425 4570 460 4638 p,
483 4557 546 4621 422
571 4577 642 4639 sqq.
673 4559 738 4622 hoc
766 4557 881 4622 codice
911 4555 1012 4619 etiam
1040 4555 1179 4636 Mangey
1206 4573 1287 4618 usus

73 4669 135 4731 est:
159 4687 268 4750 neque
291 4667 382 4732 enim
400 4667 620 4733 dubitandum
642 4673 694 4733 est
717 4668 797 4751 quin
821 4667 926 4732 codex
941 4667 1165 4746 Augustanus,
1190 4683 1288 4746 quem
