3092 5236
585 375 625 440 63

499 465 700 476 nn———u—-uu

5 585 45 665 οὓς
71 587 143 672 περὶ
170 583 258 674 ζῴων
287 579 471 674 ἀνέγραψεν,
500 584 522 650 ἀ
543 607 578 652 τε
598 586 663 673 χρὴ
693 585 928 673 προσφέρεσθαι
949 590 1003 654 καί
1024 586 1205 674 τούναντίον,

5 699 151 766 ἐπαινέσαι
200 697 334 786 μάλιστα
380 699 434 765 τὸν
481 696 659 787 ὂφιομάχην
705 699 947 788 ἐπικαλούμενον
992 740 1033 752 -
1079 702 1207 790 έρπετὸν

5 811 25 876 δ’
49 813 128 878 ἐστίν
152 813 226 898 έχον
248 810 392 898 ἀνωτέρω
412 811 511 897 σκέλη
527 814 589 878 τῶν
601 813 714 896 ποδῶν,
731 813 775 890 οίς
797 806 859 878 ἀπὸ
880 821 939 900 γῆς
960 814 1081 901 πέφυκε
1103 817 1207 902 πηδᾶν

5 926 47 988 καί
72 924 229 1010 μετέωρον
257 924 403 1010 αίρεσδαι
431 922 580 1010 καθάπερ
609 924 644 989 τὸ
672 925 732 991 τῶν
755 924 890 1011 ἀκρίδων
916 926 1005 1013 γένος
1026 945 1083 976 -·
1106 921 1123 993 ὁ
1144 929 1206 1014 γὰρ

5 1033 170 1123 ἀφιομάχης
203 1029 292 1102 ούδέν
326 1029 399 1100 ἀλλ’
433 1035 455 1120 ψ
489 1035 683 1123 συμβολικῶς
716 1035 883 1124 ἐγκράτεια
915 1039 994 1105 είναί
1026 1061 1078 1128 μοι
1109 1041 1205 1121 δοκεῖ,
1249 1051 1263 1095 5

5 1145 97 1233 μάχην
120 1147 335 1235 ἀκαδαίρετον
356 1149 411 1213 καὶ
431 1147 569 1235 πόλεμον
584 1143 738 1216 ἄσπονδον
759 1149 935 1236 ἐκφέρουσα
956 1151 1033 1238 πρὸς
1054 1145 1207 1238 ἀκρασίαν

5 1263 47 1322 καὶ
66 1254 200 1346 ἡδονήν
223 1254 244 1347 ἠ
268 1263 324 1348 μέν
345 1259 406 1348 γάρ
429 1258 584 1327 εύτέλειαν
604 1263 660 1325 καί
682 1253 855 1347 ἀλιγοδείαν
869 1265 924 1328 καί
944 1262 1018 1330 ὅσον
1039 1257 1208 1351 ἀναγκαίαν

5 1372 194 1459 φιλαυστηριμ
216 1375 273 1438 καὶ
295 1379 396 1460 σεμνῷ
420 1371 475 1460 βίῳ
498 1371 703 1458 διαφερόντως
728 1371 910 1459 ἀσπάζεται,
932 1373 954 1461 η
976 1377 1012 1441 δέ
1033 1375 1210 1462 περιεργίαν

5 1487 48 1547 καὶ
77 1484 295 1568 πολυτέλειαν,
328 1482 350 1549 ἀ
382 1484 495 1571 χλιδῆς
526 1486 582 1549 καί
609 1483 756 1571 θρύψεως
783 1489 865 1553 αίτια
892 1489 1006 1574 γίνεται
1039 1490 1127 1576 ψυχῇ
1154 1490 1209 1554 καί

5 1595 122 1682 σάματι,
147 1595 189 1662 δι’
214 1595 257 1662 ῶν
277 1596 334 1682 τήν
356 1589 496 1662 ὑπαίτιον
521 1599 577 1661 καί
603 1595 743 1664 θανάτου
770 1598 995 1686 χαλεπωτέραν
1016 1599 1100 1687 ζωὴν
1122 1599 1209 1688 παρὰ
1240 1610 1275 1658 1⁰

5 1718 56 1786 τοῖς
76 1708 261 1796 εὐφρανοῦσι
282 1708 463 1796 συμβέβηκε
484 1708 637 1796 γίνεσθαι.

78 1830 136 1897 59.
181 1830 248 1908 Τάς
277 1831 312 1894 δέ
338 1829 484 1916 γοητείας
511 1832 567 1896 καί
593 1826 715 1908 ἀπάτας
740 1828 837 1916 αὐτῆς
857 1829 957 1918 ηδονψ
979 1833 1022 1919 τῷ
1045 1835 1101 1920 μέν
1122 1832 1210 1919 ἀνδρί

5 1938 34 2004 ού
55 1942 154 2029 τολμᾷ
175 1941 372 2028 προσφέρειν,
400 1942 439 2027 τι]
462 1943 498 2007 δὲ
519 1944 716 2028 γυναικίκαὶ
740 1943 744 2029 ψ
768 1942 819 2008 διά
840 1943 954 2030 ταύτης
983 1945 1106 2032 ἐκείνῳ,
1128 1943 1209 2012 πάνυ
1227 1938 1343 2009 pioni.

5 2061 160 2140 προσφυῶς
193 2056 249 2118 καί
283 2051 478 2140 εύδιιβόλως·
518 2052 552 2119 έν
578 2046 651 2141 ἡμῖν
683 2054 745 2141 γάρ
777 2054 888 2141 ἀνδρὸς
920 2058 975 2144 μέν
1013 2058 1081 2143 ἔχει
1116 2055 1210 2144 λόγον

83 2316 95 2367 1
115 2313 174 2379 οὓς
193 2314 310 2383 append.
330 2313 434 2368 Turn:
453 2311 484 2366 ού
503 2318 560 2380 ab,
578 2309 609 2367 ού
622 2312 660 2370 Μ
731 2310 983 2383 ἀνέγραψενΜι
1002 2317 1118 2384 έγραψεν
1134 2314 1212 2371 ceteri

35 2405 78 2453 καί
89 2397 240 2454 τούναντίον
252 2405 272 2458 b
285 2421 291 2455 ε
310 2405 357 2454 καί
369 2400 387 2454 δί
398 2396 547 2454 τούναντίον
564 2417 594 2467 a,
606 2400 625 2469 ἦ
638 2396 787 2456 τούναντίον
798 2401 833 2466 F,
846 2407 892 2456 καί
905 2402 940 2471 μή
953 2402 991 2457 M
993 2422 1000 2468 ;
1018 2420 1044 2457 ν.
1057 2419 1117 2472 ευρ.
1129 2419 1156 2472 p.
1170 2403 1210 2466 1,7

35 2488 174 2541 δέπαινεῖν
187 2486 221 2542 Μ
274 2483 435 2558 ὄφιομάχην]
449 2486 508 2554 ὄφιν
526 2488 614 2556 μάχην
627 2486 665 2541 Μ
713 2484 767 2542 3δ’
784 2506 837 2544 om.
851 2488 888 2543 Μ
936 2488 1013 2560 4ψ5ή
1034 2491 1113 2561 (corr.
1133 2508 1166 2544 ex
1184 2489 1211 2559 ὁ)

6 2573 49 2639 γάρ
61 2573 147 2641 ὄφεως
160 2572 286 2642 μάχηΜ
333 2569 564 2643 5άλλ’ῆΜΕ;
583 2571 723 2645 ἀλλ’ῆϋ,
743 2575 811 2629 ἀλλο
829 2576 884 2646 ἦα
937 2575 1211 2646 ῚόλιγοδείανΜῶε

7 2653 144 2728 ύλιγοδείαν
162 2660 256 2729 ABD,
275 2658 418 2730 ἀλγοδείαν
437 2662 461 2716 0
511 2663 554 2734 718
571 2659 717 2732 ἀναγκαῖον
735 2661 753 2716 ἃ
772 2663 804 2732 δή
824 2665 994 2733 φιλαυστηρῳ
1006 2663 1048 2732 Μ,
1066 2660 1212 2734 ἀναγκαίαν

7 2745 64 2816 ὃδη
82 2749 129 2818 (τῷ
148 2749 212 2804 add.
230 2747 268 2819 F)
287 2749 456 2819 φιλαυστηρφ
474 2748 535 2820 Fb,
555 2745 700 2819 ἀναγκαῖον
717 2748 878 2816 ύποτίδεται,
896 2749 911 2803 δ
931 2751 963 2819 δη
984 2751 1153 2821 φιλαυστήρφ
1172 2769 1212 2809 a:

6 2850 65 2889 corr.
75 2837 222 2892 Turnebus
276 2835 543 2906 8περιεργίανΜ
548 2855 555 2892 2
568 2839 727 2906 πολυεργίαν
739 2837 816 2892 ceteri
879 2835 1038 2894 edomet
1098 2837 1216 2893 αἰτίαΜ

37 2922 102 2990 ψυχῇ
121 2927 170 2976 καί
187 2913 288 2991 σῶματι
306 2921 385 2979 Me:
403 2923 436 2991 τῇ
455 2925 528 2992 ψυχῇ
545 2941 575 2976 τε
592 2929 640 2978 καί
656 2927 694 2992 τῷ
711 2925 810 2993 σῶματι
828 2941 851 2982 a
927 2927 960 2979 12
978 2923 1062 2995 αὐτῆς
1080 2927 1158 2997 (corr.
1179 2942 1213 2978 ex

9 3003 152 3078 αὐτῆςψΗε
172 3003 350 3079 αύτήςοοίεεί
419 3006 522 3081 ἡδονὴ
542 3009 579 3066 Μ
588 3009 732 3082 εήηδονὶγ
749 3012 829 3068 ceteri
897 3012 1061 3084 τῷ]τῶν1)

85 3221 98 3272 l
117 3220 184 3288 Leg.
203 3219 286 3288 alleg.
304 3219 368 3274 185
386 3227 509 3287 παραινεῖ
529 3224 617 3288 μέντοι
634 3219 649 3273 ὃ
668 3221 740 3289 ίερὸς
762 3221 845 3291 λόγος
867 3225 895 3275 έν
917 3223 1054 3290 Αευιτικῷ,
1073 3216 1144 3289 ,ἀπὸ
1161 3223 1214 3274 τῶν

11 3305 113 3369 ἑρπετῶν
136 3306 154 3359 ἃ
179 3305 321 3374 πορεύεται
343 3309 386 3359 έπί
407 3307 549 3374 τεσσάρων,
571 3307 590 3360 ἃ
615 3311 672 3376 έχει
695 3311 778 3376 σκέλη
802 3303 934 3376 ἀνώτερον
956 3311 1007 3362 τῶν
1028 3308 1124 3375 ποδῶν,
1147 3307 1215 3361 ῶστε

11 3391 85 3457 πηδᾶν
103 3395 131 3445 έν
148 3387 247 3459 αὐτοῖς,
266 3394 421 3446 omnemn-
441 3393 476 3447 ῶν
493 3397 561 3447 ἐστιν
578 3391 593 3446 ὁ
614 3397 727 3463 βροῶχσς
744 3399 792 3448 καί
809 3393 824 3447 ὃ
843 3394 960 3460 ἄττακσς
976 3399 1024 3449 καί
1040 3393 1058 3465 ηε
1072 3392 1150 3463 ἀκρίς
1166 3399 1216 3448 καί

12 3481 125 3546 τέταρτον
148 3478 164 3532 δ
188 3475 353 3549 ἀφισμάχης·
379 3484 427 3534 καί
453 3480 578 3547 δεόντως·
606 3485 629 3534 εἰ
651 3481 704 3548 γάρ
731 3479 849 3549 ἄτροφον
874 3487 922 3535 καί
949 3482 1077 3549 βλαβερὸν
1103 3483 1215 3550 πράγμα

10 3558 116 3636 ὀφιῶδης
134 3564 226 3637 ἡδονή,
244 3568 442 3636 τροφιμώτατον
459 3567 492 3623 ἀν
509 3574 558 3622 καί
576 3569 704 3637 σωτήριον
720 3573 822 3637 γένοιτο
840 3567 857 3637 ἠ
876 3570 943 3638 πρὸς
964 3568 1063 3639 ἡδονὴν
1085 3574 1215 3638 διαμαχο-

11 3655 66 3719 μὲνη
88 3655 177 3720 φύσις·
201 3653 269 3723 αὕτη
293 3659 323 3708 δὲ
345 3655 363 3726 ἡ
388 3656 543 3726 σωφροσύνη
566 3659 627 3709 έστί.
664 3657 699 3710 de
723 3673 837 3726 concup.
861 3658 887 3712 Π
909 3659 962 3712 354
983 3675 1025 3727 sq.
1050 3661 1089 3722 οίς
1112 3659 1142 3710 δὲ
1164 3658 1216 3709 τῶν

11 3738 115 3801 ἑρπετῶν
136 3739 259 3810 ύπεράνω
282 3745 365 3811 σκέλη
389 3746 440 3797 τῶν
462 3747 550 3797 ποδῶν
573 3747 652 3808 ἐστιν,
676 3744 744 3798 ῶστε
761 3747 849 3814 πηδάν
872 3740 925 3798 ἀπὸ
944 3745 992 3814 τῆς
1009 3745 1060 3814 γῆς
1078 3744 1215 3810 δύνασθαι,

12 3828 86 3878 ταῦτα
104 3831 131 3880 ἐν
148 3831 282 3896 καθαροῖς
301 3825 458 3898 ἀναγράφει,
476 3831 604 3898 καθάπερ
623 3832 655 3883 τά
674 3831 725 3884 τῶν
738 3827 853 3899 ἀκρίδων
865 3836 928 3902 γένη
940 3836 988 3886 καί
1005 3832 1050 3886 τὸν
1068 3828 1216 3900 ὀφιομάχον

12 3913 174 3982 καλούμενον,
193 3916 271 3969 πάλιν
289 3917 332 3969 διά
351 3917 487 3983 συμβόλων
504 3917 561 3986 ἤδη
580 3922 628 3971 καί
645 3918 760 3985 τρόπους
771 3921 884 3987 λογικῆς
902 3921 989 3988 ψυχῆς
1008 3919 1216 3987 διερευνώμενος.

42 3999 71 4050 12
89 4018 149 4070 sqq.
168 4003 280 4070 Quaest.
299 4003 327 4056 in
346 4003 412 4060 Gen.
430 4005 443 4058 Ι
462 4005 478 4073 5
497 4005 530 4058 47
549 4005 667 4074 primum
684 4006 792 4074 decepit
810 4022 933 4074 serpena
952 4008 1073 4061 secundo
1092 4005 1216 4074 peccavit

12 4098 53 4148 per
78 4103 140 4142 eum
164 4090 264 4144 mulier
289 4092 450 4159 permittens
473 4109 503 4146 se
531 4093 692 4157 seductioni,
718 4093 799 4148 tertio
822 4093 865 4146 vir
886 4093 979 4147 locum
1001 4095 1070 4147 dans
1093 4091 1215 4146 mulieris

13 4171 137 4229 voluntati
160 4177 252 4245 potius
280 4193 363 4247 quem
390 4180 483 4234 divino
506 4182 647 4236 mandato.
679 4196 774 4234 verum
798 4179 901 4248 optime
923 4181 1009 4234 habet
1031 4184 1058 4233 et
1080 4179 1216 4233 rationem

13 4257 150 4327 allegoriae
168 4264 213 4317 hic
232 4266 309 4331 ordo,
328 4267 460 4335 quoniam
479 4283 593 4336 serpens
612 4267 768 4336 symbolum
786 4271 829 4320 est
846 4267 1010 4337 cupiditatiS‚
1028 4271 1058 4320 ut
1076 4268 1215 4336 probatur,

15 4349 38 4396 et
56 4350 150 4404 mulier
172 4367 285 4417 sensile,
307 4354 348 4407 vir
375 4359 467 4408 cutem
493 4355 663 4410 intellectus.
690 4354 721 4408 fit
744 4369 809 4422 ergo
833 4355 938 4424 peccati
962 4358 1057 4408 auctor
1079 4353 1216 4422 pessimus

15 4433 137 4499 cupiditas
162 4443 189 4492 et
215 4439 269 4493 ista
295 4441 413 4509 primum
437 4442 539 4511 decipit
563 4457 688 4506 sensum,
711 4457 809 4495 sensus
833 4446 926 4496 autem
948 4445 1069 4494 mentem
1088 4441 1216 4509 captivat.

15 4515 71 4587 Leg.
92 4524 172 4592 alleg.
196 4527 208 4579 I
232 4528 265 4581 73
289 4567 348 4583 ...
372 4529 536 4583 οἰκειότατον
559 4533 607 4583 καί
629 4524 845 4595 εύδυβολῶτατόν
868 4532 935 4580 ἐστιν
958 4519 1042 4595 ὄνομα
1066 4527 1217 4596 αἰσθήσεως

15 4607 83 4673 tutti·
99 4609 185 4679 ῶσπερ
204 4613 256 4680 γάρ
274 4610 289 4666 ὃ
309 4618 356 4681 μὲν
374 4611 442 4685 ἀνψρ
461 4621 488 4669 ἐν
506 4619 543 4684 τῷ
555 4618 653 4684 δρᾶσαι
663 4618 812 4683 θεωρεῖται,
831 4619 860 4668 έν
876 4618 907 4667 δὲ
924 4617 962 4682 τῷ
978 4614 1089 4682 πάσχειν
1105 4612 1123 4683 ⁷'1
1142 4614 1216 4682 γυνη,
1235 4613 1239 4623 ’

16 4689 89 4758 θῦῖως
111 4701 138 4749 ἐν
160 4702 206 4765 μέν
228 4702 265 4767 τῷ
287 4704 352 4768 δράν
373 4701 388 4755 ὃ
413 4703 483 4767 νούς,
507 4707 535 4756 έν
558 4707 589 4756 δέ
611 4706 648 4769 τῷ
670 4703 781 4770 πάσχειν
801 4703 926 4770 γυναικὸς
944 4699 1075 4769 τρόπονὴ
1096 4703 1217 4768 αἴσθησις
