3092 5236
937 389 978 457 80

411 599 446 666 δέ
473 604 664 686 φωνητικοῦ,
692 595 827 686 ἑβδόμου
855 601 890 665 δέ
922 600 1151 690 σπερματικοῦ,
1179 597 1292 687 όγδόου
1320 601 1354 666 δέ
1381 598 1468 667 αὐτοῦ
1488 611 1521 666 τοῦ

409 705 612 800 ἡγεμονικοῦ,
646 709 702 797 ἀφ’
738 711 776 776 ού
807 713 905 778 ταῦτα
935 711 1038 779 πάντα
1070 712 1243 778 ἐπιτέταται
1270 712 1322 778 διὰ
1348 721 1406 780 τῶν
1438 715 1534 780 οἰκείων,

412 823 553 910 ὀργάνων
573 831 758 910 προσφερῶς
780 834 845 903 ταῖς
866 825 920 891 τοῦ
942 824 1120 904 πολύποδος
1141 825 1343 905 πλεκτάναις.
1367 829 1408 894 ib.
1429 821 1533 894 Itht

411 937 515 1022 (Diels
537 938 622 1004 Dox.
644 958 676 1021 p.
699 936 776 1022 410)
804 937 834 1002 οἱ
859 937 1025 1004 Στωικοί
1052 961 1144 1024 φασιν
1172 940 1248 1006 εἰναι
1275 945 1331 1025 τῆς
1358 940 1458 1025 ψυχῆς
1476 938 1523 1002 tit

409 1071 502 1116 τατον
528 1048 620 1136 μέρος
647 1047 683 1113 τό
709 1042 911 1135 ἡγεμονικόν,
939 1050 975 1115 τό
1002 1051 1108 1117 ποιοῦν
1135 1050 1190 1129 τοὶς
1218 1051 1388 1137 φαντασίας
1412 1053 1463 1115 καὶ
1480 1073 1523 1134 συγ·

409 1161 598 1238 καταδέσεις
638 1162 694 1226 καὶ
735 1161 897 1248 αἰσδησεις
939 1164 994 1228 καί
1035 1156 1148 1250 όρμοίς·
1190 1165 1245 1228 καί
1287 1165 1378 1229 τοῦτο
1412 1162 1523 1248 λογισμόν

410 1274 573 1340 καλοῦσιν.
598 1272 643 1358 (2)
666 1265 729 1338 ἀπὸ
751 1275 787 1338 δέ
809 1274 862 1340 τοῦ
886 1271 1074 1361 ἡγεμονικοῦ
1097 1273 1177 1341 έπτοὶ
1191 1275 1272 1362 μέρη
1295 1276 1361 1340 ἐστὶ
1381 1277 1436 1362 τῆς
1455 1276 1524 1360 ψυχῆς

412 1384 612 1471 ἐκπεφυκότα
640 1387 695 1450 καί
723 1384 919 1472 ἐκτεινόμενα
946 1387 989 1465 εἰς
1015 1387 1051 1453 τό
1078 1393 1169 1475 σῶμα
1196 1385 1347 1472 καθάπερ
1370 1387 1404 1452 αἱ
1424 1381 1478 1451 ἀπό
1494 1391 1536 1458 τοῦ,

411 1495 586 1575 πολύποδος
607 1495 777 1564 πλεκτάναι
785 1495 795 1532 ·“
814 1505 875 1564 τῶν
897 1500 932 1564 δέ
953 1497 1032 1566 ἑπτὰ
1055 1499 1156 1586 μερῶν
1177 1505 1232 1586 της
1260 1500 1365 1586 ψυχῆς
1393 1499 1477 1565 πέντε
1493 1497 1524 1583 μὲν

413 1609 469 1674 εἰσι
491 1609 531 1673 τό
552 1607 754 1696 αἰσδητηρια,
778 1607 883 1695 ὅρασις
905 1609 1054 1696 ὄσφρησις
1083 1604 1167 1698 ἀκοὴ
1189 1611 1292 1698 γεῦσις
1313 1613 1370 1676 καί
1391 1605 1464 1698 ἁφή.
1483 1662 1488 1674 .
1505 1659 1526 1674 ..

413 1720 459 1806 (δ)
481 1720 541 1786 τῶν
563 1722 599 1785 δέ
619 1720 734 1788 λοιπῶν
756 1719 791 1786 τό
814 1724 870 1809 μέν
889 1721 1014 1809 λέγεται
1036 1722 1170 1810 σπέρμα,
1193 1773 1201 1790 .
1226 1775 1233 1790 .
1257 1775 1264 1790 .
1286 1722 1322 1789 τό
1345 1725 1381 1789 δέ
1404 1723 1537 1808 ,φωνόειέ

412 1829 472 1897 ὑπό
499 1833 553 1897 τοῦ
581 1831 723 1919 Ζήνωνος
752 1833 922 1921 εἰρημένον,
954 1833 1048 1900 δκαὶ
1075 1833 1181 1922 φωνην
1202 1835 1359 1902 καλοῦσιν.
1404 1835 1537 1918 Ροιρλμ

413 1965 465 2028 ap.
489 1946 583 2012 Stob.
607 1946 849 2027 E01.149‚25³
880 1944 992 2012 αύπίκα
1020 1947 1050 2012 οἰ
1076 1949 1132 2035 μέν
1159 1945 1222 2012 ιἰπό
1249 1953 1304 2034 τῆς
1326 1947 1450 2024 Στοᾶς
1469 1944 1527 2009 tm·

414 2056 494 2142 μερῆ
530 2054 587 2142 την
622 2055 728 2142 ψυχὴν
763 2057 870 2136 δέντες
906 2060 962 2122 καί
996 2057 1087 2124 πέντε
1120 2060 1175 2145 μέν
1206 2057 1286 2146 μέρη
1320 2058 1360 2124 τοὶ
1394 2055 1526 2144 αἰσθητιι

413 2165 576 2254 λαβόντες,
605 2169 695 2235 ἕκτον
724 2169 759 2232 δέ
787 2167 823 2234 τό
851 2168 1025 2256 φωνητικὸν
1053 2171 1108 2234 καὶ
1134 2168 1267 2257 ἕβδομον
1287 2170 1324 2234 τό
1346 2165 1527 2257 σπερματικόν

414 2283 468 2345 καί
489 2279 597 2347 λοιπόν
611 2279 645 2346 τό
661 2279 847 2368 ἡγεμονικόν
869 2280 911 2360 ῶς
926 2281 963 2349 ἂν
985 2282 1135 2369 ἄρχοντος
1150 2280 1259 2369 χώραν
1273 2283 1359 2368 ἔχειν
1372 2275 1527 2356 ύπετίδεκι,

412 2390 452 2456 τοὶ
474 2393 509 2456 δέ
532 2392 613 2457 ἄλλα
637 2393 715 2480 μέρη
739 2395 771 2461 ἐν
793 2387 949 2480 ὑπηρέτου
970 2393 1055 2474 τάξει
1078 2393 1274 2462 ἀπεδίδοσαν.
1319 2396 1416 2480 Diog.
1438 2397 1486 2460 La„
1499 2389 1529 2454 tt

415 2506 475 2570 157
492 2503 546 2589 (cf.
565 2506 637 2590 110)
661 2505 740 2594 μέρη
763 2507 799 2571 δέ
820 2507 925 2594 ψυχῆς
945 2507 1088 2594 λέγουσιν
1109 2505 1202 2592 ὀκτῶ,
1222 2505 1276 2586 τοὶς
1297 2505 1385 2574 πέντ’
1405 2504 1530 2589 αἰοδηοεῑς

414 2617 469 2680 καὶ
489 2605 560 2693 τούς
582 2617 614 2682 ἐν
635 2614 708 2703 ἡμῖν
730 2617 958 2704 σπερματικοὺς
978 2618 1092 2706 λόγους
1119 2622 1174 2684 καὶ
1201 2617 1236 2685 τό
1258 2619 1436 2706 φωνητικὸν
1455 2619 1498 2683 καὶ
1511 2611 1529 2676 τί

413 2727 596 2814 λογιστικόν.

348 2878 551 2960 44‚17sqq.:
575 2877 693 2942 Theol.
708 2877 816 2943 Arith.
831 2899 865 2960 p.
880 2878 923 2943 50
945 2876 999 2962 (ex
1021 2877 1238 2963 Nicomacho)
1261 2875 1431 2963 σπλάγχνα
1452 2897 1481 2940 τε
1496 2871 1540 2956 tit}

412 2987 452 3053 τὰ
472 2985 627 3073 λεγόμενα
650 2986 729 3074 μέλη
754 2988 788 3072 (1.
810 2987 941 3075 μέλανα)
965 2989 1043 3053 έπτόι
1064 2987 1138 3054 κατ’
1166 2986 1263 3074 αὐτην
1284 2987 1463 3075 ἐμπέφυκεν
1479 2978 1530 3069 ἡμῖν·

412 3101 551 3186 γλῶττα,
583 3099 715 3185 καρδία,
747 3090 851 3186 ἧπαρ,
878 3099 1034 3187 πνεύμων,
1063 3099 1181 3187 σπλήν,
1208 3102 1315 3185 νεφροὶ
1346 3098 1421 3166 δύο·
1450 3100 1495 3164 καὶ
1512 3091 1532 3156 ’.ἰ

413 3209 574 3278 καθολικόι
596 3211 676 3298 μέρη
699 3212 844 3295 τοσαῦτα,
868 3211 947 3298 ἅπερ
975 3214 1039 3278 ἐστὶ
1066 3211 1202 3299 κεφαλή,
1232 3211 1351 3298 θώραξ,
1374 3223 1477 3299 χεῖρες
1493 3205 1532 3272 δύο.

413 3321 507 3401 πόδες
539 3321 594 3388 δύο
627 3326 682 3388 καὶ
714 3324 843 3390 αἰδοῖον·
877 3325 961 3389 κατὰ
994 3325 1087 3412 μέρος
1114 3326 1151 3390 δὲ
1178 3323 1352 3411 διατρήσεις
1378 3325 1412 3390 ἐν
1447 3326 1492 3410 μέν
1509 3320 1533 3398 τῷ

413 3434 571 3521 προσώπῳ
593 3434 629 3520 ζ’,
654 3432 827 3522 ὀφθαλμῶν
856 3434 921 3519 δύο,
949 3435 1035 3502 ῶτων
1056 3435 1123 3520 δύο,
1146 3437 1234 3521 ῥινῶν
1262 3434 1328 3520 δύο,
1351 3434 1497 3522 στόματος
1511 3427 1532 3491 2'·

416 3550 535 3614 Theon
565 3550 696 3632 Smyrn.
725 3571 757 3632 p.
789 3550 902 3628 104‚14
932 3551 988 3613 καί
1018 3547 1109 3634 πόροι
1142 3550 1177 3613 δέ
1209 3547 1351 3634 κεφαλῆς
1385 3548 1478 3614 έπτοί·
1503 3541 1533 3606 ii·

416 3656 582 3744 σπλάγχνα
604 3657 692 3744 ἑπτά,
715 3660 853 3746 γλῶσσα,
876 3660 1000 3747 καρδία,
1023 3659 1173 3747 πνεύμων,
1202 3659 1299 3746 ἠπαρ,
1327 3658 1444 3746 σπλήν,
1466 3653 1534 3740 νεφμό

415 3769 480 3835 δύο.
524 3772 669 3838 Maerob.
701 3793 821 3838 comm.
851 3773 886 3837 in
914 3775 1030 3840 Somn.
1066 3774 1155 3857 Scip.
1183 3775 1280 3854 16,Ἱί
1309 3771 1393 3836 idem
1415 3783 1534 3837 κικιιιωυ

417 3880 514 3948 totius
548 3882 685 3966 corporis
720 3883 857 3950 membra
898 3883 1050 3968 disponit·
1093 3889 1207 3968 septem
1242 3889 1322 3949 ωιτιό
1356 3881 1448 3948 enim
1481 3881 1534 3944 ιἰιίιιι

415 3993 573 4060 hominem
594 4013 674 4077 quae
694 4016 715 4062 ιι
740 3995 869 4061 Graecis
890 3995 986 4081 ιιόμνιι
1007 3995 1144 4062 membra
1164 3991 1353 4075 vocitantur,
1383 3993 1493 4081 linqua
1506 4005 1535 4053 ω

410 4107 519 4191 pulmo
541 4105 629 4172 ιὀοιιι
649 4105 714 4171 lien
735 4127 826 4174 renes
847 4106 924 4172 duo:
948 4157 955 4172 .
980 4156 987 4171 .
1012 4155 1019 4172 .
1043 4107 1110 4192 (80)
1133 4105 1171 4171 ιἰι
1192 4109 1300 4190 aperto
1313 4125 1438 4188 quoque
1460 4107 1533 4188 septem

416 4225 494 4286 sunt
521 4217 659 4304 corporis
680 4223 800 4303 μααίοε,
827 4223 922 4302 caput
945 4224 1054 4302 pectus
1079 4238 1197 4284 ιιιιιιιιιε
1217 4218 1372 4302 pedesque
1397 4223 1429 4284 et
1446 4216 1534 4303 μιιύω·

417 4333 502 4397 dum.
526 4381 533 4396 .
558 4382 565 4396 .
590 4384 597 4398 .
621 4331 687 4418 (81)
711 4336 741 4395 et
761 4330 837 4413 quia
859 4352 971 4416 εειιειιε
992 4352 1158 4414 eorumque
1178 4329 1359 4395 ministeria
1387 4336 1501 4396 natura
1516 4322 1534 4385 it

418 4443 517 4528 eapite
548 4443 632 4509 velut
663 4442 702 4508 ιἰι
734 4463 805 4509 arce
832 4443 1010 4525 constituit,
1038 4447 1151 4528 septem
1177 4440 1391 4525 foraminibus
1417 4453 1535 4508 sensuum

417 4555 612 4621 celebrantur
639 4553 752 4638 offitia,
780 4554 815 4620 id
843 4560 889 4621 est
915 4555 980 4620 otis
1006 4576 1043 4621 οο
1070 4555 1183 4620 deinde
1204 4554 1363 4621 οοιιίοαιιιη
1385 4555 1509 4620 narium
1521 4545 1535 4606 ἰ

369 4753 371 4758 Ι
417 4665 548 4730 aurium
569 4666 661 4730 binis,
