3142 5238
283 365 311 428 Π

285 553 374 616 nunc
397 553 432 616 in
456 553 570 618 codice
592 553 826 618 tantummodo
850 554 935 618 liber
956 555 1027 638 περὶ
1054 553 1109 639 τῆς
1138 555 1222 619 κατὰ
1249 554 1367 620 Μωσὲα
1389 579 1497 642 κοσμο-

284 663 384 739 ποιίας
408 668 558 728 servatus
576 667 627 729 est
643 668 676 728 et
691 684 733 728 ne
750 665 778 728 is
795 665 930 747 quidem
946 666 1088 748 integer:
1113 667 1323 749 abrumpitur
1346 668 1402 733 fol.
1421 670 1497 732 154v

284 777 395 840 verbis
424 768 445 859 ἡ
474 776 509 839 δὲ
536 782 592 859 τῆς
614 773 788 861 ἑβδομάδος
811 771 959 861 ἀριθμός,
989 773 1025 839 οὐ
1046 775 1168 853 πάντως
1191 775 1276 862 ἀρχὴ
1300 779 1396 863 μονσίς
1418 778 1497 843 κατὰ

284 886 355 962 τούς
367 885 545 962 διπλασίους
562 885 606 970 (p.
620 886 738 970 33‚11)‚
757 890 793 950 ut
811 886 950 950 dimidia
966 887 1036 952 fere
1052 908 1130 968 pars
1143 888 1247 952 libelli
1264 889 1438 954 interierit.
1461 891 1497 954 cf.

285 998 412 1075 Nessel
444 998 547 1062 Catal.
572 997 668 1061 codd.
692 1015 773 1060 mss
796 1017 843 1078 gr.
867 997 947 1061 bibl.
972 996 1067 1062 Caes
1091 998 1188 1062 Vind.
1211 1000 1277 1080 lp.
1300 1001 1352 1064 46.
1377 1001 1499 1082 reliqua

284 1110 449 1173 Philonea
471 1109 613 1191 periisse
637 1128 677 1172 eo
700 1107 806 1189 magis
830 1106 1012 1172 dolendum
1035 1111 1096 1187 est,
1119 1111 1207 1187 quod
1234 1108 1420 1194 ζητημάτων
1449 1113 1499 1174 nal

286 1218 405 1284 λύσεων
427 1220 504 1284 libri
527 1240 568 1283 ex
590 1219 792 1283 Armeniaca
814 1221 945 1282 tantum
967 1219 1124 1284 versione
1146 1220 1374 1287 innotuerunt.

375 1357 490 1420 Codex
512 1354 542 1418 V
560 1375 635 1420 cum
657 1359 823 1420 vetustate
847 1355 967 1420 ceteris
984 1360 1143 1440 praestet,
1167 1360 1237 1422 tum
1260 1379 1301 1423 ex
1323 1360 1499 1442 archetypo

288 1467 455 1531 derivatus
480 1470 531 1531 est
553 1467 657 1530 multo
673 1466 866 1531 vetustiore.
884 1468 918 1530 in
936 1467 1054 1532 eadem
1071 1467 1160 1532 enim
1175 1469 1298 1551 pagina
1322 1469 1390 1554 (fol.
1409 1472 1469 1534 146
1476 1471 1499 1553 v)

288 1599 353 1661 qua
375 1579 489 1643 tabula
512 1581 603 1642 extat
626 1597 726 1659 quam
743 1598 844 1659 supra
860 1577 1024 1660 descripsi
1038 1579 1140 1644 verba
1164 1579 1328 1662 quaedam
1350 1582 1501 1662 leguntur

288 1690 396 1754 forma
419 1689 527 1753 crucis
550 1688 766 1770 graecanicae
791 1688 839 1752 sic
862 1689 1007 1754 inclusa:

881 1845 896 1886 Ε

877 1993 895 2061 ἶ

879 1931 896 1970 υ

879 2100 895 2142 ο

882 2185 891 2225 ι

881 2269 898 2311 ο

533 2333 575 2398 ἐν
603 2332 854 2418 σωματίοις
887 2356 902 2409 ς
936 2331 1238 2399 ἀνενεώσατοι

882 2439 898 2481 ε

873 2526 896 2566 π

882 2609 891 2650 r

877 2694 897 2734 σ

876 2779 897 2819 π

879 2863 895 2904 0

872 2949 895 2990 π

882 3117 897 3172 ς

288 3219 418 3302 Εὕζόϊος
447 3223 615 3300 ἐπίσκοπος
638 3223 670 3287 ἐν
697 3221 861 3306 superlore
890 3219 1092 3303 ἀνενεώσατο,
1120 3221 1266 3284 Euroius
1287 3220 1446 3304 egriscopus
1467 3221 1503 3284 in

288 3334 478 3400 membranis
499 3332 695 3398 instaurarit
720 3333 740 3397 i.
765 3354 793 3398 e.
817 3355 858 3398 ex
879 3334 1014 3416 papyris
1038 3334 1073 3397 in
1100 3335 1314 3398 membranas
1343 3334 1502 3398 transcri-

287 3449 435 3512 bendum
453 3447 588 3510 curavit.
634 3446 803 3523 Eurotam,
817 3445 873 3526 qui
890 3444 1067 3526 episcopus
1084 3444 1314 3508 Caesariensis
1328 3444 1390 3508 fuit
1405 3445 1502 3508 annis

287 3582 319 3642 p.
345 3559 422 3623 Chr.
447 3579 479 3622 n.
497 3558 686 3633 376-379,
709 3556 949 3620 bibliothecam
973 3556 1065 3620 illam
1088 3555 1340 3620 celeberrimam
1363 3576 1383 3620 a
1404 3557 1502 3620 Parn-

287 3671 380 3752 philo
417 3668 629 3733 Caesariensi
664 3671 858 3748 congestam
891 3667 925 3730 in
963 3666 1117 3730 ordinem
1154 3666 1324 3748 redegisse
1361 3669 1503 3731 testatur

289 3782 322 3845 S.
337 3769 569 3861 'Hieronymus
593 3779 698 3860 Epist.
715 3780 757 3842 34
780 3778 912 3863 (Migna
928 3778 1053 3842 Patrol.
1068 3778 1125 3842 lat.
1147 3781 1227 3843 tom.
1244 3777 1335 3842 XXII
1356 3799 1388 3859 p.
1411 3778 1502 3860 alst:

288 3889 417 3968 Beatus,
445 3890 562 3972 inquit,
592 3887 780 3970 Pamphilus
810 3889 949 3970 Marlpr,
975 3935 982 3950 .
1006 3936 1013 3952 .
1039 3935 1045 3951 .
1069 3908 1140 3951 cum
1166 3886 1366 3952 Demetrium
1389 3886 1501 3952 Pbale-

287 4023 378 4066 reum
405 4005 435 4064 et
462 3999 672 4064 Pisistratum
698 3998 737 4064 in
764 4019 871 4064 sacrae
898 3998 1091 4064 bibliothecae
1117 3997 1222 4064 stuelio
1249 3997 1336 4062 uellet
1370 4018 1504 4078 aequare

287 4110 501 4196 imaginesque
527 4108 747 4195 ingeniorum,
776 4129 855 4190 arrae
882 4129 956 4174 uera
978 4113 1069 4188 sunt,
1098 4113 1127 4172 et
1148 4113 1278 4174 aeterna
1300 4113 1514 4174 monumenta.

289 4228 350 4287 toto
372 4222 441 4287 orbe
462 4220 676 4305 perquireret,
707 4225 784 4284 tunc
811 4219 858 4284 uel
886 4219 1022 4285 manime
1047 4218 1195 4304 Origenis
1216 4217 1309 4285 libros
1330 4219 1503 4302 impensius

282 4331 481 4418 prosecutus,
506 4330 705 4398 Caesariensi
719 4330 877 4395 Ecclesiae
898 4329 1065 4396 dedicauit:
1088 4349 1184 4410 arrum
1205 4351 1244 4394 erc
1260 4335 1355 4412 parte
1376 4351 1501 4412 corresp-

290 4451 355 4511 tam
388 4444 524 4510 Acacius
558 4444 748 4528 (episcopus
784 4443 1014 4508 Caesariensis
1049 4463 1077 4507 a.
1113 4441 1306 4526 sas-365)
1335 4440 1449 4506 debinc
1475 4444 1502 4505 et

280 4558 467 4621 ¹Euroi'us
489 4555 626 4620 missalem
648 4551 806 4618 Ecclesiae
827 4552 998 4618 sacerdotes
1018 4551 1063 4617 in
1090 4551 1325 4618 membranis
1346 4551 1501 4617 instau-

289 4689 380 4734 rare
408 4667 513 4733 conati
538 4670 624 4731 sunt.
654 4667 720 4730 iam
744 4665 843 4760 igitur
866 4669 1004 4748 apparet
1033 4665 1183 4730 codicem
1206 4665 1501 4729 vindobonensem
