3142 5238
323 361 348 428 L

324 554 365 617 de
383 557 509 635 septen.
525 554 598 632 673
615 553 825 636 (Tischend.)
842 551 1022 638 ένδιητῶντο
1039 553 1255 619 scribendum
1270 551 1403 620 videtur
1430 551 1540 636 (ἐνδιαι-

322 667 418 730 τῶντο
432 665 478 748 M,
503 666 709 732 ένεδιοιιτῶντο
727 667 961 746 Tischcndorf‚
986 688 1070 750 quae
1095 668 1203 732 forma
1226 667 1316 731 nulla
1338 669 1425 747 est);
1450 667 1541 730 Attici

323 778 480 842 dicebant
503 778 700 863 ἐνεδιητῶντο
723 785 756 844 et
772 777 1022 864 ένεδιητήθησαν
1045 780 1170 862 duplici
1193 783 1384 860 augmento.
1421 780 1541 859 impc-

324 890 447 954 rativi
470 890 588 953 tertiae
603 911 770 972 personae
793 890 931 972 pluralis
951 891 1188 956 terminatione
1202 891 1329 971 vulgari
1354 891 1389 955 in
1411 889 1541 953 -έτωσαν

322 1001 419 1065 Philo
442 1022 523 1065 usus
548 1006 613 1065 est:
644 997 918 1086 ἀναδραμέτινσαν,
941 1001 1149 1079 έλπιζέτιοσαν
1174 1003 1306 1080 14,9.11.
1336 1001 1540 1084 ἐνστηρίση

322 1113 396 1191 θ3,4
419 1115 451 1177 et
474 1112 684 1196 στηρίσασθοιι
700 1113 793 1191 31,15
817 1114 945 1178 formae
969 1118 1048 1178 sunt
1069 1115 1239 1195 vulgares:
1261 1114 1365 1177 Attici
1389 1114 1540 1176 dicebant

323 1223 493 1308 ἐνστηρίξη,
522 1223 743 1308 στηρίξασθαι.
779 1226 827 1288 sic
856 1225 953 1290 Philo
982 1226 1054 1308 ipse
1088 1225 1129 1289 de
1159 1226 1258 1306 agric.
1282 1225 1296 1288 I
1324 1226 1386 1288 311
1420 1245 1540 1308 στηριγ-

322 1333 465 1418 θήσεται,
490 1336 531 1398 de
552 1336 682 1417 profug.
705 1336 802 1399 1553
827 1337 1017 1421 στηριχθείς.

407 1481 444 1544 In
490 1481 652 1563 syntaxi
695 1485 734 1544 et
778 1483 1097 1546 constructione
1133 1485 1353 1547 verborum
1391 1482 1539 1546 Philonis

324 1612 434 1656 sermo
472 1593 562 1656 haud
600 1594 752 1674 exiguam
796 1594 1050 1657 similitudinem
1088 1595 1236 1659 ostendit
1281 1614 1355 1658 curn
1394 1598 1538 1657 veterum

323 1705 525 1786 scriptorum
547 1705 733 1769 Atticorum
758 1705 915 1783 dictione,
945 1705 1004 1768 sed
1033 1706 1149 1769 insunt
1172 1706 1273 1770 etiam
1301 1706 1408 1769 multa
1434 1711 1537 1786 poste

323 1815 447 1880 riorum
471 1819 601 1880 tanturn
625 1817 827 1899 scriptorum
849 1817 995 1899 propria.

407 1956 532 2020 Plurali
561 1956 670 2020 forma
698 1958 899 2021 substantivi
927 1957 1088 2021 abstracti
1118 1958 1310 2039 frequenter
1332 1955 1435 2020 Philo
1468 1973 1536 2019 usus

322 2071 373 2132 est
404 2068 446 2132 ad
473 2069 659 2132 Atticorum
690 2069 892 2150 scriptorum
921 2069 1214 2134 consuetudinem:
1244 2069 1333 2132 velut
1365 2068 1415 2145 1,3
1451 2062 1536 2143 ἐξεσθ-

322 2200 430 2261 ιριοσαν
451 2177 491 2242 τά
512 2177 641 2264 πλήθη.
665 2181 757 2258 31,11
783 2177 972 2264 θρεμμάτων
994 2177 1106 2263 πλήθη
1130 2178 1238 2263 μυρία.
1263 2179 1304 2243 de
1326 2179 1459 2242 Abrah.
1483 2176 1535 2240 113

322 2288 361 2353 τά
388 2287 500 2374 πλήθη
534 2296 594 2354 τῶν
624 2289 727 2354 ἄλλων
761 2289 981 2374 έρησυγάσας.
1017 2291 1057 2354 ci.
1087 2291 1187 2355 Isocr.
1211 2291 1252 2354 IV
1282 2290 1322 2353 75
1355 2287 1396 2352 τά
1430 2286 1534 2371 πλήθη

322 2400 564 2485 προτρέψαντες.
588 2402 672 2465 Plat.
689 2402 892 2483 Gorgonae
915 2403 964 2465 ool
984 2403 1027 2486 τῷ
1045 2400 1203 2486 δυναμένῳ
1226 2401 1326 2485 λέγειν
1349 2403 1406 2463 καὶ
1425 2400 1535 2464 πείθειν

322 2509 361 2575 τά
383 2510 510 2596 πλήθη.
540 2514 714 2578 Demosth.
738 2514 780 2577 VI
801 2515 852 2578 al.
876 2514 975 2578 XVIII
996 2515 1048 2578 46.
1072 2515 1172 2578 XXIII
1197 2515 1273 2578 tal.
1298 2514 1419 2578 eodem
1444 2512 1535 2596 perti·

324 2629 406 2689 nent
424 2625 485 2702 27.
505 2626 600 2702 nali
622 2618 858 2709 ὑπερβάλλοντα
880 2624 984 2711 κάλλη
1009 2632 1042 2691 et
1063 2628 1139 2705 nal
1160 2625 1284 2710 πελάγη
1308 2625 1442 2711 λιμένων
1465 2627 1534 2709 ἔχειν
1558 2685 1559 2692 ,

325 2735 447 2821 μεγέθη
477 2735 646 2821 νομίζουσιῑ
678 2738 718 2801 ci.
746 2738 831 2802 Plat.
856 2739 949 2803 Criti.
977 2738 1064 2802 115d
1094 2737 1242 2823 μεγέθεσι
1264 2735 1398 2800 νάλλεσί
1425 2759 1462 2801 τε
1489 2735 1535 2798 τῶν

324 2847 436 2931 ἔργων.
469 2849 541 2926 312
570 2848 624 2910 καὶ
653 2845 711 2910 ὅσοι
740 2849 795 2924 τάς
823 2848 927 2932 φύσεις
956 2841 1147 2934 άγριώταταε
1180 2851 1219 2914 cf.
1249 2851 1334 2914 Plat.
1358 2850 1448 2914 Tim.
1481 2846 1534 2911 18d

323 2957 440 3042 ἄριστοι
462 2959 517 3035 τοὶς
539 2956 657 3042 φύσεις.
681 2961 814 3024 Lobcck
837 2960 879 3024 ad
902 2961 1024 3043 Phryn.
1048 2981 1080 3042 p.
1104 2962 1176 3024 365.

406 3099 472 3160 Pro
502 3099 604 3161 verbo
634 3098 722 3179 quod
753 3098 868 3162 dicunt
897 3099 990 3161 finito
1020 3099 1160 3163 verbum
1190 3097 1440 3162 substantivum
1471 3115 1533 3159 cun

320 3209 498 3291 participio
528 3209 599 3273 eius
629 3210 722 3273 verbi
752 3209 967 3274 coniunctum
1000 3210 1090 3274 haud
1120 3230 1196 3274 raro
1225 3209 1363 3291 ponitur
1392 3229 1413 3272 a
1441 3207 1533 3286 scrip·

320 3321 450 3384 toribus
473 3321 593 3385 Atticis
617 3341 655 3384 ac
679 3322 823 3384 maxime
847 3341 867 3384 a
889 3320 1046 3384 Platone:
1077 3322 1119 3384 ci.
1143 3321 1290 3398 thner‚
1314 3319 1369 3384 Gr.
1395 3320 1452 3383 Gr.
1476 3317 1528 3382 111

320 3453 352 3513 p.
383 3433 423 3495 35
453 3433 529 3496 adn.
558 3434 587 3496 3.
633 3433 731 3497 huius
760 3454 841 3497 usus
873 3434 1061 3514 exemplum
1096 3433 1200 3496 habes
1230 3431 1300 3510 o7‚1
1337 3430 1397 3493 εἰσὶ
1426 3428 1487 3515 γὰρ
1513 3424 1533 3488 ά

321 3535 599 3629 ὑπολαμβάνοντες.

329 3766 332 3772 ¹
408 3681 552 3745 Verbum
587 3682 833 3746 substantivum
868 3683 937 3746 sive
971 3683 1090 3764 copula
1124 3703 1164 3746 ex
1197 3701 1290 3747 more
1325 3680 1530 3745 communia

322 3791 464 3855 Philone
494 3813 594 3874 saepe
618 3793 796 3858 omittitur.
821 3795 975 3876 inprimis
999 3793 1334 3859 animadvertendum
1358 3798 1412 3858 est
1439 3810 1530 3856 enun-

322 3903 405 3968 tiata
421 3905 559 3968 relativa
574 3905 732 3986 pleraque
748 3908 851 3970 verbo
870 3906 1079 3970 substantivo
1096 3905 1177 3970 ἐστίν
1198 3907 1250 3969 vel
1274 3903 1313 3989 ήν
1334 3904 1386 3969 vel
1409 3903 1529 3988 γίγνεται

324 4036 452 4080 carere.
476 4016 566 4079 velut
582 4017 633 4093 ΒΑ
655 4018 710 4079 καὶ
730 4014 789 4080 ὅσα
813 4018 867 4101 μὲν
890 4014 1036 4102 ἐπιζήμια
1059 4019 1114 4080 καὶ
1130 4014 1279 4101 βλαβερά,
1303 4019 1434 4101 μηχανή
1456 4011 1529 4092 πάσῃ

323 4127 497 4191 διωθεῖται.
528 4128 580 4206 5,3
604 4124 722 4211 ὅσαπερ
746 4129 777 4194 ἐν
800 4127 908 4211 ἐκείνῳ
931 4127 1043 4212 νοητά.
1078 4148 1140 4193 nec
1164 4129 1275 4192 minus
1299 4127 1466 4192 omittitur
1486 4125 1528 4187 illa

324 4241 443 4321 copula
476 4240 511 4302 in
545 4238 728 4303 enuntiatis
769 4240 1027 4321 interrogativis
1064 4244 1101 4304 ut
1136 4240 1229 4318 roal
1262 4239 1388 4322 στερεοῦ
1423 4239 1458 4300 δὲ
1488 4232 1529 4297 καὶ

323 4349 466 4434 σώματος
499 4351 599 4415 ἔννοια
631 4350 675 4426 τίς
708 4349 799 4435 έτὲρα
826 4350 908 4434 πλήν
936 4351 971 4414 τὸ
1004 4350 1105 4434 πάντη
1135 4347 1311 4434 διεστηκός;
1349 4351 1422 4429 18,4
1449 4365 1526 4432 προσ·

323 4461 564 4546 περιειργάζετο,
597 4461 641 4538 τίς
669 4454 689 4544 ή
712 4463 772 4525 τῶν
801 4459 920 4546 ὁρατῶν
949 4461 988 4546 δή
1024 4461 1140 4527 τούτων
1169 4460 1289 4526 οὐσία.
1315 4511 1321 4525 .
1346 4511 1352 4525 .
1377 4463 1432 4524 καὶ
1459 4447 1525 4534 agl

323 4570 436 4655 τρόπος
457 4574 513 4657 τής
534 4572 685 4659 κινήσεως
708 4576 762 4637 καὶ
783 4574 861 4651 τίνες
884 4574 916 4637 αἱ
938 4574 1047 4637 αἰτίαι.
1077 4575 1158 4639 item
1180 4575 1215 4638 ln
1239 4573 1423 4638 enuntiatis
1447 4569 1525 4654 quale

322 4683 442 4766 legitur
465 4686 538 4764 all
560 4684 594 4748 εὖ
618 4685 719 4772 μέντοι
741 4688 795 4749 καὶ
818 4686 852 4750 τὸ
875 4684 979 4772 φάναι.
