3142 5238
1177 367 1251 435 XXI

14 577 100 622 cum
125 556 280 621 codicum
297 557 404 621 classe
426 558 450 621 b
474 557 636 638 congruit,
661 557 721 621 sed
736 557 849 622 multis
865 557 949 622 locis
973 561 1006 622 et
1030 557 1158 622 eisdem
1181 558 1251 622 fere

14 670 148 751 quibus
174 669 280 732 codex
302 664 338 730 F
356 668 399 732 ab
416 687 455 732 ea
470 668 634 732 memoria
651 667 803 733 discedit.
826 669 917 734 velut
942 671 1008 748 l,ll
1028 669 1063 734 in
1079 691 1119 734 eo
1144 671 1250 752 scrip-

12 787 94 845 tum
125 783 178 844 est
206 776 391 864 παρέχουσα
418 779 471 861 (=
500 778 564 863 F);
593 782 642 858 hl
673 774 806 864 ὀργάνου
836 781 888 862 (=
919 779 983 864 F);
1012 783 1085 860 alc
1115 781 1251 866 ἐναργῶς

14 893 78 976 (=
103 891 189 973 F²);
212 888 337 975 aleno
361 883 570 975 duodennium
592 892 647 954 τοῦ
670 891 807 977 caeptam
831 893 882 971 3‚3
906 892 973 976 ἐρεῖ
992 891 1066 978 (pro
1090 893 1183 976 αἱρεῒε
1209 894 1249 957 cf.

15 1005 207 1068 lectionem
231 1001 356 1066 codicis
382 1001 455 1086 M);
478 1005 553 1083 alc
574 1002 691 1088 γένεσιν
714 1005 828 1068 οἰκεῖον
851 1003 958 1090 ὄνομα.

111 1132 170 1194 Eis
187 1151 272 1213 quae
289 1130 330 1194 de
347 1131 500 1194 codicum
515 1131 765 1197 necessitudine
782 1133 925 1198 disserui
941 1134 1006 1197 hoc
1022 1133 1091 1196 iere
1108 1136 1250 1197 stemma

17 1243 182 1307 efficitur:

113 2793 143 2855 6.
188 2792 242 2856 Ad
263 2793 369 2856 libros
385 2812 487 2856 manu
504 2792 646 2873 scriptos
671 2792 791 2874 quibus
816 2812 919 2874 opera
933 2793 1099 2856 Philonea
1122 2791 1252 2872 integra

25 2903 246 2967 continentur
269 2905 411 2969 alterum
434 2903 564 2968 accedit
581 2903 770 2968 subsidium
793 2904 874 2968 artis
899 2903 1035 2969 criticae
1058 2904 1094 2968 in
1108 2903 1251 2967 Philone

25 3012 241 3093 factitandae,
266 3016 356 3098 quod
379 3015 589 3096 excerptis
613 3014 753 3092 efficitur
777 3016 971 3097 exscriptis
996 3013 1066 3080 eius
1091 3014 1251 3079 collectis

27 3143 109 3187 nam
130 3126 229 3190 Philo
253 3131 286 3190 et
307 3127 454 3209 antiquis
483 3127 693 3209 temporibus
717 3131 750 3192 et
772 3128 883 3192 medio
913 3129 1003 3211 quod
1026 3127 1146 3191 dicitur
1169 3146 1250 3191 aevo

28 3237 172 3299 multum
194 3237 409 3302 lectitabatur
432 3237 569 3321 eiusque
593 3239 747 3302 doctrina
775 3241 1029 3322 sententiaeque
1053 3258 1153 3320 saepe
1177 3241 1252 3302 eta

26 3347 142 3411 multis
165 3347 425 3414 adhibebantur.
449 3349 603 3430 inprimis
627 3350 662 3412 in
686 3349 857 3414 codicibus
874 3351 1003 3432 graecis
1019 3351 1075 3432 qui
1090 3354 1252 3415 vocantur

27 3459 254 3524 miscellaneis
289 3464 446 3542 excerpta
478 3461 643 3526 Philonea
675 3462 841 3542 permulta
879 3461 1172 3525 circumferuntur.
1211 3481 1251 3524 ex

29 3571 195 3635 eiusmodi
219 3573 390 3640 codicibus
414 3573 487 3655 ipse
510 3573 648 3637 adhibui
673 3574 858 3637 codicem
885 3573 1122 3638 Parisinum
1154 3573 1253 3635 1630

30 3681 102 3766 (P),
127 3684 219 3748 cuius
244 3685 399 3748 notitiam
423 3683 569 3767 aliquam
591 3685 739 3749 habebat
762 3686 863 3749 etiam
878 3687 1027 3767 Mangey,
1051 3685 1173 3768 quippe
1196 3684 1251 3766 qui
1269 3699 1296 3752 P

30 3795 113 3859 duas
139 3796 302 3861 lectiones
326 3817 344 3860 e
368 3797 482 3861 codice
505 3798 610 3877 Regio
634 3797 717 3861 3502
747 3796 786 3878 (is
810 3798 900 3861 enim
923 3816 1012 3861 nunc
1041 3800 1177 3861 notatus
1201 3800 1252 3860 est

30 3925 169 3970 numero
196 3905 290 3990 1630)
314 3908 473 3990 repetitas
503 3912 757 3986 commemoret,
787 3905 1088 3994 προσπεριβαλόντες
1118 3907 1195 3992 (1,3)
1220 3911 1252 3970 et

31 4018 167 4101 ἐναργῶς
190 4018 306 4103 (213).
337 4024 388 4083 est
411 4019 517 4084 codex
539 4020 776 4101 bombycinus,
800 4019 909 4083 forma
932 4020 1139 4098 duodecima,
1164 4038 1250 4083 saec.

30 4131 110 4207 XIV,
131 4130 224 4193 cuius
241 4130 331 4194 foliis
348 4132 525 4194 88V--91v
541 4134 699 4213 excerpta
714 4131 879 4213 quaedam
894 4130 1059 4195 Philonea
1081 4132 1250 4212 leguntur.

31 4242 161 4307 initium
196 4243 276 4308 facit
310 4246 503 4325 excerptum
533 4261 573 4307 ex
606 4243 692 4307 libro
721 4244 792 4326 περὶ
821 4241 999 4328 μετανοίας,
1027 4242 1201 4324 pertinens
1231 4261 1251 4304 a

30 4354 141 4418 verbis
174 4350 348 4438 Φιλοίρετος
381 4355 436 4416 καὶ
468 4351 639 4438 φιλόκαλος
666 4374 774 4436 usque
802 4354 845 4418 ad
873 4355 976 4417 verba
1004 4353 1046 4427 εἰς
1075 4351 1158 4417 ἅπαν
1192 4344 1251 4415 οὐκ

32 4461 245 4549 ἀγνοήσαντος
267 4463 320 4548 (=
343 4465 371 4527 ll
392 4465 455 4528 405
478 4464 617 4549 Mang.),
647 4468 832 4547 sequuntur
865 4464 903 4527 ἐκ
930 4464 989 4528 τῶν
1019 4462 1149 4547 quma
1179 4462 1250 4547 ἐξη-

31 4573 152 4659 γήσεων
180 4573 406 4660 ἀπανθίσματα
424 4573 485 4639 τῶν
513 4577 584 4659 περὶ
612 4575 825 4659 κοσμοποιίας,
855 4595 939 4658 quae
961 4563 1132 4656 florilegio*
1146 4575 1250 4638 libelli

33 4688 72 4751 de
95 4687 226 4769 opificio
249 4687 366 4750 mundi
387 4686 569 4767 particulas
595 4686 886 4768 comprehendunt
907 4687 1025 4750 hasce:
