3092 5236
82 602 141 668 37.
179 601 271 668 Ἐστι
300 601 330 667 δ’
354 602 391 669 οὑ
418 600 604 687 τελεσφόρος
632 599 737 688 μόνον,
765 594 848 666 ἁλλὰ
874 601 929 664 καί
957 592 998 677 ὑς
1026 599 1099 676 ἐπος
1121 599 1215 664 εἰπεῖν

11 711 235 801 ίρμονικωτοίτιγ
265 718 321 780 καί
347 711 461 800 τρόπον
488 713 554 781 τινά
581 712 669 800 πηγὴ
696 714 751 780 τοῦ
779 712 948 778 καλλίστου
971 710 1214 798 διαγράμματος,

11 825 142 905 ἁπάσας
172 829 227 914 μὲν
255 825 310 905 τὰς
338 823 499 913 ἁρμονίας,
526 825 583 912 τὴν
612 824 663 890 διά
688 824 857 910 τεττάρων,
885 823 943 910 τὴν
964 823 1016 890 διά
1037 824 1137 907 πέντε,
1159 824 1215 910 τὴν

11 940 47 1003 ίιά
74 945 202 1022 πασῶν,
230 937 334 1017 πάσας
363 941 398 1004 δέ
424 937 480 1017 τὰς
511 937 693 1023 ἀναλογίας,
721 937 779 1024 τήν
806 933 1032 1024 ἀριθμητικήν,
1059 934 1116 1022 τὴν
1137 958 1214 1022 γεω-

11 1050 156 1136 ιετρικήν,
181 1052 225 1116 ἐτι
247 1052 282 1116 δὲ
303 1048 360 1136 τὴν
382 1048 553 1137 ἁρμονικὴν
573 1050 726 1137 περιέχει.
748 1049 783 1115 τὸ
809 1050 845 1116 δέ
866 1049 1007 1116 πλινθίον
1028 1049 1215 1136 συνέστηκεν
1257 1060 1271 1104 5

11 1169 35 1226 ὲκ
61 1165 161 1229 τῶνδε
187 1169 247 1230 τῶν
276 1162 432 1249 ἀριθμῶν,
462 1163 495 1242 ἐξ
522 1162 606 1229 ὀκτιὺ
633 1162 720 1232 ἐννέα
748 1161 888 1230 δώδεκα·
912 1156 929 1227 6
952 1163 1007 1249 μέν
1034 1159 1117 1227 ὀκτιὺ
1139 1161 1215 1247 πρὸς

11 1275 30 1354 ά
56 1277 88 1340 ἐν
120 1275 261 1362 ἐπιτρίτῳ
289 1274 384 1361 λόγῳ,
412 1269 493 1341 καθ’
517 1274 551 1341 δν
578 1269 599 1360 ἡ
623 1276 674 1340 διά
695 1273 849 1361 τεττάρων
872 1267 1003 1362 ἁρμονία
1025 1273 1120 1341 ἐστίν·
1144 1269 1161 1339 6
1183 1271 1212 1338 δ’

11 1388 85 1454 ἐννέα
108 1387 187 1474 πρὸς
209 1388 242 1467 ἓξ
264 1388 297 1454 έν
318 1381 460 1473 ἡμιολίῳ,
482 1383 563 1452 καθ’
589 1385 623 1455 δν
648 1382 669 1473 ἡ
693 1386 745 1452 διά
766 1386 871 1453 πέντε·
895 1381 911 1452 6
935 1387 970 1450 δὲ
992 1384 1117 1452 δώδεκα
1139 1385 1215 1472 πρὸς

11 1497 83 1578 ἁέν
112 1499 298 1582 διπλασίονι,
321 1499 402 1565 καθ’
427 1499 461 1568 δν
482 1499 503 1586 ἡ
528 1499 580 1566 διά
600 1507 725 1568 πασῶν.
749 1502 817 1587 έχει
839 1495 868 1564 δ’
893 1497 934 1578 ιὺς
956 1500 1064 1586 έλεγον
1086 1502 1141 1566 καί
1161 1500 1216 1578 τὰς

11 1607 170 1698 ἁναλογίας
191 1610 310 1689 πάσας·
334 1610 546 1700 ἀριθμητικὴν
568 1615 623 1701 μέν
646 1615 683 1679 ἐκ
696 1619 757 1680 τῶν
772 1613 804 1692 ἓξ
819 1615 874 1677 καί
889 1612 976 1678 ἐννέα
997 1615 1052 1677 καί
1074 1610 1214 1678 δώδεκα·
1236 1617 1271 1664 ¹0

11 1723 44 1800 τίς
73 1720 138 1808 γάρ
170 1715 317 1809 ὑπερέχει
344 1722 362 1788 6
391 1725 483 1812 μέσος
515 1733 570 1792 τοῦ
597 1725 721 1812 πρῶτου
748 1725 857 1811 τρισίν,
885 1722 1003 1802 τούτοις
1030 1721 1215 1810 ὑπερέχεται

11 1828 58 1898 ὑπὸ
90 1841 148 1900 τοῦ
179 1835 374 1902 τελευταίου·
407 1838 621 1926 γεωμετρικὴν
653 1837 683 1903 δ’
719 1839 756 1903 ἐκ
787 1838 848 1904 τῶν
879 1836 1053 1922 τεσσάρων·
1086 1835 1122 1902 δν
1153 1835 1214 1923 γάρ

11 1945 97 2032 λόγον
122 1948 188 2033 ἔχει
209 1947 250 2011 τά
272 1945 355 2013 ὀκτιὺ
376 1949 453 2034 πρὸς
475 1951 517 2034 έξ,
548 1951 551 2036 i
580 1958 688 2018 τοῦτον
709 1949 749 2016 τά
771 1949 896 2016 δώδεκα
917 1948 994 2035 πρὸς
1015 1948 1118 2016 ἐννέα·
1141 1947 1158 2014 ὁ
1180 1950 1215 2014 δέ
1232 1958 1259 2009 1)-
1272 1941 1305 1993 2⁷
1318 1942 1351 1995 Μ·

11 2056 93 2143 λόγος
129 2058 291 2143 ἐπίτριτος·
326 2054 496 2149 ἁρμονικὴν
531 2062 560 2127 δ’
592 2064 629 2129 ἐκ
664 2064 769 2149 τριῶν,
805 2063 860 2128 τοὺ
894 2061 926 2142 ἐξ
958 2064 1013 2127 καί
1045 2059 1128 2126 ὀκτώ
1160 2063 1216 2126 καὶ

11 2168 142 2237 δώδεκα.
165 2163 335 2258 ἁρμονικῆς
357 2169 387 2237 δ’
409 2166 577 2260 ἁναλογίας
599 2173 683 2260 διττή
701 2173 812 2260 κρίσις·
830 2175 885 2260 μία
903 2172 966 2259 μέν,
984 2172 1058 2239 ὅταν
1075 2171 1109 2239 δν
1120 2171 1215 2260 λόγον
1235 2177 1271 2222 ¹⁵

11 2281 68 2367 έχει
90 2276 108 2346 6
127 2283 260 2368 ἔσχατος
275 2284 340 2368 [τοὺ
363 2285 468 2371 μέσου]
491 2285 567 2373 πρὸς
582 2287 635 2355 τὸν
651 2293 773 2373 πρῶτον
787 2286 895 2352 τοῦτον
911 2287 972 2373 ἐχγγ
990 2278 1011 2372 ἡ
1029 2280 1171 2373 ὑπεροχὴ
1193 2285 1215 2373 ᾗ

11 2385 149 2480 ὑπερέχει
177 2388 194 2458 6
222 2395 356 2481 έσχατος
383 2405 438 2462 τοῦ
471 2398 567 2485 μέσου
599 2397 676 2483 πρὸς
707 2398 764 2484 τήν
796 2392 956 2484 ὑπεροχήν
982 2397 1004 2484 ᾗ
1032 2396 1217 2485 ὑπερέχεται

11 2498 62 2569 ὑπὸ
82 2513 137 2571 τοῦ
167 2506 263 2592 μέσου
293 2506 309 2576 6
331 2515 467 2597 πρῶτος.
497 2512 725 2599 ἐναργεστάτην
752 2513 787 2577 δέ
813 2511 911 2578 πίστιν
938 2509 1030 2600 λάβοι
1055 2532 1099 2590 τις
1121 2511 1158 2577 ἂν
1180 2513 1218 2576 ἐκ

12 2632 64 2690 τῶν
85 2625 295 2712 προκειμένων
318 2623 469 2711 ἀριθμῶν,
488 2631 542 2690 τοῦ
564 2625 597 2704 ἓξ
618 2627 674 2690 καί
695 2620 778 2690 &moi
800 2627 855 2689 καί
876 2622 1016 2690 διὺδεκα·
1040 2619 1057 2689 6
1080 2627 1135 2711 μέν
1156 2624 1217 2710 γάρ

12 2737 179 2815 τελευταῖος
199 2737 254 2801 τοῦ
275 2734 399 2821 πρώτου
422 2736 590 2820 διπλάσιος,
613 2735 635 2822 ἠ
658 2734 689 2801 δ’
713 2730 855 2823 ὑπεροχὴ
877 2736 969 2802 πάλιν
991 2737 1151 2802 διπλασία·
1178 2737 1218 2802 τά
1238 2739 1273 2786 ²0

13 2850 144 2935 μὲνγὰρ
167 2847 293 2913 δώδεκα
313 2855 374 2915 τῶν
402 2846 485 2914 ὀκτῶ
511 2848 668 2934 τέτταρσιν
700 2841 855 2934 ὑπερέχει,
883 2846 975 2913 τάδ’
998 2846 1081 2913 ὀκτιὺ
1102 2855 1162 2915 τῶν
1185 2849 1217 2928 ἓξ

13 2961 87 3024 δυσί·
119 2959 159 3025 τά
192 2961 227 3025 δέ
253 2959 392 3046 τέσσαρα
419 2969 483 3028 τοῖν
510 2962 594 3027 δυοῖν
622 2960 784 3026 διπλάσια.
813 2959 904 3044 ἑτέρα
931 2961 966 3024 δὲ
996 2958 1129 3046 βάσανος
1161 2963 1217 3046 τῆς

14 3065 171 3158 ἁρμονικῆς
192 3068 367 3157 ἀναλογίας,
391 3065 465 3138 ὅταν
487 3065 504 3137 6
526 3073 620 3159 μέσος
647 3073 707 3138 τῶν
734 3071 840 3157 ἄκρων
866 3072 923 3156 ίσῳ
953 3072 1048 3158 μορίῳ
1075 3069 1215 3160 ὑπερέχῃ

14 3187 59 3247 καί
79 3183 284 3271 ὑπερέχηται·
308 3183 326 3249 6
347 3183 409 3271 γάρ
437 3184 548 3270 ὄγδοος
577 3184 669 3271 μέσος
697 3178 739 3250 ῶν
765 3182 912 3269 ὑπερέχει
940 3185 995 3271 μέν
1015 3189 1070 3248 τοῦ
1092 3182 1216 3269 πρώτου

14 3296 95 3382 τρίτῳ
124 3297 237 3383 μορίῳ·
265 3295 496 3383 ὑῳαιρεὺέντων
522 3296 584 3384 γάρ
611 3303 671 3362 τῶν
699 3296 741 3378 ἐξ,
769 3295 808 3361 τά
833 3293 928 3362 λοιπά
955 3295 1011 3361 δύο
1032 3295 1131 3381 τρίτον
1153 3298 1218 3364 ἐστὶ
1238 3303 1273 3351 25

90 3456 152 3513 1013
171 3460 249 3527 μόνον
266 3457 485 3527 τελεσφόροςΜ
550 3457 1217 3530 3ὃΜΒέἣΒῙα,ηἨΙΚ,ἣοοοπειιῆΙι

42 3547 170 3614 τεσσάρων
181 3545 210 3600 Β
279 3548 295 3600 6
308 3547 364 3617 μέν]
378 3549 424 3613 μέν
437 3545 483 3599 οὑν
495 3544 559 3600 ΜΒ
626 3548 641 3600 7
660 3540 736 3600 καθ’
757 3546 791 3600 ὃν
810 3547 906 3616 scripsi
921 3567 927 3601 :
945 3543 1012 3600 καθ’
1032 3547 1065 3618 ἣν
1076 3547 1148 3604 οοάά.
1160 3547 1216 3604 edd.

41 3634 170 3701 τεσσάρων
188 3631 280 3687 MBD
354 3634 456 3700 8πρὸς
473 3635 507 3686 τά
525 3636 554 3697 ἐξ
571 3632 601 3687 F
672 3629 749 3687 καθ’
771 3634 815 3704 ὃν]
834 3630 900 3687 καθ’
921 3633 954 3702 ἣν
970 3633 1043 3688 codd.
1060 3634 1117 3690 edd.
1187 3640 1218 3690 δέ

16 3735 59 3772 im.
78 3719 105 3772 D
194 3716 305 3774 9καὺ’
327 3720 372 3790 ὃν]
389 3714 457 3774 καθ’
476 3719 509 3788 ἣν
526 3719 597 3774 codd.
615 3719 671 3774 edd.
758 3719 837 3790 ἡόιά
856 3724 946 3775 πασῶν
959 3713 980 3780 ς’
1000 3721 1060 3791 (sic)
1079 3721 1121 3790 M,
1140 3721 1154 3777 6
1174 3724 1216 3777 διά

17 3806 93 3859 τασῶν
109 3825 132 3864 a
197 3808 263 3877 έχει]
282 3812 305 3859 εἰ
323 3805 360 3860 Μ
428 3808 460 3860 10
477 3806 585 3872 πάσας
603 3805 709 3864 MFa:
728 3806 873 3873 ἁπάσαςί)
943 3812 976 3862 έκ
992 3809 1054 3879 τῶν]
1074 3813 1101 3863 έν
1118 3818 1175 3874 ταῖς
1193 3828 1217 3866 a

46 3895 74 3946 11
97 3900 142 3959 οῖς
160 3893 198 3948 Μ
204 3915 210 3948 :
229 3893 266 3959 ιὺς
288 3893 365 3948 σείοντ’
443 3893 576 3965 ὑπερέχει]
599 3899 715 3963 περιέχει
733 3895 770 3949 Μ
844 3895 974 3961 τούτοις
991 3894 1148 3964 ὑπερέχεται
1166 3896 1215 3952 M:

17 3980 105 4045 τοὺτοις
123 3999 176 4036 om.
195 3980 272 4036 ceteri
343 3981 375 4034 12
394 3982 558 4051 γεωμετρικὴ
578 3999 601 4038 ιι
672 3986 709 4035 ἐκ
726 3986 788 4036 τῶν
805 3983 973 4051 τεσσάρων
990 3983 1105 4053 Mangey
1118 3985 1215 4054 (Mark-

21 4067 475 4137 οιιὺλεὴτῶνοιὰτεσσὰρωνοοάἁ.
548 4071 580 4124 13
598 4070 731 4136 πρὰςέξ
750 4070 799 4124 M:
818 4069 1065 4137 πρόςτάέξοοίανῗ
1135 4072 1215 4138 πρὸς

18 4155 99 4206 έννέα
116 4155 272 4210 MFHIK:
291 4157 358 4223 πρὸς
375 4155 407 4208 τά
427 4159 503 4210 ἐννέα
514 4154 578 4220 La,
597 4157 663 4224 πρὸς
675 4158 720 4211 τὸν
733 4160 809 4210 ἐννέα
820 4157 875 4212 edd.
948 4159 980 4212 14
998 4160 1044 4209 τοὺ
1056 4157 1122 4224 πρὸς
1141 4157 1219 4221 &M

44 4240 76 4294 15
93 4247 148 4308 μίαν
165 4241 194 4296 Β
267 4241 332 4295 ὅταν
349 4259 403 4296 om.
425 4240 448 4295 0
518 4243 550 4296 16
568 4241 582 4296 6
601 4245 714 4311 έσχατος
732 4247 779 4296 τοῦ
798 4247 878 4311 μέσου
896 4242 968 4298 codd.
986 4244 1043 4312 (τοῦ
1061 4248 1142 4311 μέσου
1161 4263 1215 4301 om.

19 4377 38 4413 ‚n
55 4378 106 4416 νοω.
123 4361 176 4432 ii:
194 4367 241 4417 τοῦ
254 4367 335 4432 μέσου
349 4365 403 4418 del.
417 4364 547 4418 Gelenius
600 4365 704 4435 τοῦτον]
722 4365 767 4417 τὸν
779 4362 860 4418 αὑτὸν
869 4364 928 4419 BD
980 4369 1030 4432 έχιμ
1049 4366 1083 4432 F,
1102 4315 1215 4435 έχέίΚι

19 4449 147 4514 έχειοιίονί
212 4449 468 4521 ἠὺπεροχήοιῐι.α
537 4452 564 4521 ᾖ]
584 4451 601 4522 ἠ
621 4448 864 4521 ΕῙΑΒο,ἣνΜὺ
937 4453 968 4506 17
986 4452 1056 4519 ᾐΜ
1064 4472 1070 4506 ι
1088 4453 1122 4521 ἣν
1138 4453 1216 4508 ceteri

47 4535 77 4586 19
93 4539 136 4589 τοὺ
153 4539 238 4602 ἓξτοὺ
252 4535 325 4592 ὀκτῶ
341 4541 388 4591 τοὺ
401 4539 506 4591 οιὺδεκα
519 4537 599 4593 AB&
668 4539 698 4593 21
713 4539 765 4606 γάρ
779 4557 832 4593 om.
844 4538 897 4593 FO
963 4543 1100 4606 τέσσαρσιν
1109 4538 1217 4596 mo

44 4617 159 4690 ὑπερέχει
174 4623 205 4678 Β
219 4625 344 4694 (Mang.):
362 4623 520 4692 ὑπερέχεται
536 4623 613 4678 σείοντ’
693 4626 727 4679 ii
745 4626 901 4692 τέτταραΑ
979 4628 1030 4678 τῶν
1048 4629 1118 4680 δυοῖν
1136 4626 1217 4684 ABG

46 4708 79 4760 λέ)
94 4714 172 4776 τρίτον
189 4711 265 4770 Mo:
283 4716 359 4780 τρίτα
376 4711 435 4776 ΑΟ,
452 4716 513 4779 τρία
529 4709 588 4765 BD
