3142 5238
1193 403 1266 468 XLI

123 594 164 656 In
187 592 288 656 rebus
311 592 652 674 orthographicis
669 593 822 658 codicum
837 590 1072 656 auctoritatem
1084 591 1120 654 111
1131 592 1265 656 univer-

30 723 113 766 sum
128 707 264 768 secutus
278 723 367 768 sum.
392 703 452 767 sed
465 722 540 768 cum
558 703 593 767 in
604 703 658 766 his
671 703 772 768 rebus
790 703 868 766 libri
885 720 989 766 manu
1007 701 1124 783 scripti
1145 720 1264 783 parum

30 814 103 877 sibi
120 817 280 878 constare
304 813 445 892 soleant,
468 813 526 877 uhi
547 814 777 879 necessarium
791 813 977 890 videbatur,
999 813 1052 876 vel
1068 813 1110 878 ab
1127 813 1263 895 optimis

29 923 215 988 discedere
238 943 308 987 11011
331 923 494 988 dubitavi.
517 922 830 1008 1011οἰνεκφώνητον
853 924 895 987 ah
912 923 1069 987 omnibus
1091 924 1263 989 codicibus

27 1037 152 1098 abest.
182 1035 217 1098 in
240 1035 435 1099 accentibus
464 1035 633 1118 ponendis
656 1035 780 1099 multos
803 1054 824 1099 a
846 1034 993 1098 librariis
1016 1053 1149 1099 errores
1172 1053 1264 1100 10111-

28 1146 127 1210 mitti
158 1143 239 1210 satis
269 1149 412 1210 constat.
447 1145 613 1210 eiusmodi
641 1145 802 1210 minutias
832 1164 951 1209 omnes
980 1144 1016 1208 in
1044 1145 1264 1210 adnotatione

28 1256 157 1320 critica
190 1260 328 1321 enotare
362 1256 592 1322 necessarium
626 1276 697 1320 non
730 1256 824 1320 duxi.
859 1255 1055 1336 singillatim
1088 1256 1154 1320 hoc
1186 1257 1262 1321 loco

26 1367 210 1432 monenda
231 1367 314 1430 mihi
335 1369 420 1431 haec
443 1370 536 1432 sunt:
565 1363 628 1430 ἀπὸ
650 1365 772 1430 σκοποῦ
794 1366 830 1430 in
852 1366 968 1432 codice
993 1363 1163 1449 Vubique
1186 1364 1263 1430 ἀπο-

29 1478 424 1542 σκοποῦ111101011111110
442 1478 682 1560 scriptumest,
705 1477 741 1540 in
764 1477 885 1542 ceteris
909 1477 1081 1542 codicibus
1105 1477 1262 1542 omnibus

27 1584 98 1651 ἄπο
123 1587 262 1651 σκοποῦ.
291 1589 376 1652 haec
402 1588 573 1670 posterior
596 1589 763 1676 scriptura
784 1590 828 1653 ad
853 1593 1071 1671 praeceptum
1094 1589 1264 1671 quoddam

26 1700 294 1781 grammaticum
315 1699 447 1764 videtur
470 1700 647 1765 referenda
667 1721 753 1779 esse,
776 1701 898 1784 quippe
922 1720 1007 1783 quae
1028 1700 1109 1765 alibi
1131 1718 1263 1782 quoque

26 1815 206 1875 occurrat:
233 1814 269 1874 ut
298 1811 387 1892 apud
408 1811 712 1892 Harpocrationem
734 1805 796 1875 ἄπο
819 1817 874 1874 τοῦ
896 1810 1093 1896 πράγματος·
1118 1808 1184 1876 ἀντὶ
1205 1815 1261 1874 τοῦ

26 1921 171 1998 ἄποθεν,
205 1921 294 2002 apud
318 1921 547 2003 Phrynichum
576 1922 675 1986 Bekk.
698 1923 762 1986 An.
790 1923 885 2000 atla
919 1920 981 1986 ἄπο
1008 1922 1121 2005 καιροῦ
1147 1920 1263 2006 λέγειν·

27 2032 66 2095 τὸ
95 2024 249 2114 ἀκαίρως.
274 2031 315 2095 cf.
339 2031 439 2096 etiam
464 2051 548 2115 quae
566 2032 821 2113 disputaverunt
837 2032 900 2096 Th.
917 2033 1042 2114 Benfey
1064 2033 1100 2096 in
1115 2031 1262 2113 Gotting.

23 2125 161 2207 ‘Nachn
188 2143 269 2206 1878
291 2163 324 2223 p.
350 2143 410 2207 175
433 2163 506 2224 sqq.
530 2146 564 2207 et
585 2143 623 2207 G.
640 2141 775 2206 Curtius
798 2143 834 2206 in
857 2142 951 2207 Stud.
973 2142 1063 2224 Lips.
1086 2142 1130 2205 III
1151 2163 1183 2224 p.
1199 2143 1259 2206 321

28 2274 111 2336 sqq.
142 2289 183 2298 -
211 2251 337 2316 Littera
364 2273 380 2316 ν
410 2272 494 2334 quae
523 2252 645 2318 dicitur
677 2252 878 2334 paragogica
906 2253 942 2316 in
970 2252 1086 2316 codice
1109 2251 1139 2315 V
1161 2272 1262 2334 saepe

26 2369 115 2428 ante
146 2381 316 2427 consonas
347 2363 482 2444 scripta,
516 2365 595 2428 ante
624 2364 758 2428 vocales
789 2363 916 2428 omissa
945 2367 1012 2444 est3
1047 2362 1127 2428 item
1155 2361 1262 2445 οὕτως,

26 2495 106 2539 non
130 2469 221 2555 οὕτω,
250 2473 285 2536 in
309 2474 425 2538 codice
451 2471 482 2535 V
498 2478 577 2538 ante
606 2493 775 2538 consonas
802 2474 999 2556 plerumque
1022 2473 1197 2554 reperitur.
1220 2509 1261 2520 -

26 2584 143 2650 Elisio
166 2589 201 2648 11
228 2584 333 2648 crasis
356 2585 523 2649 vocalium
551 2584 586 2649 in
614 2585 710 2649 libris
733 2604 836 2648 manu
865 2583 999 2665 scriptis
1023 2585 1124 2648 modo
1154 2585 1262 2649 sactae

26 2694 139 2760 modo
156 2694 329 2775 neglectae
346 2697 434 2758 sunt.
457 2694 638 2759 Philonem
652 2714 731 2759 vero
754 2695 884 2759 hiatum
898 2697 1030 2758 tantum
1053 2714 1124 2759 non
1138 2695 1261 2776 ubique

26 2807 163 2870 evitare
180 2804 350 2868 studuisse
373 2805 519 2870 maxime
540 2805 703 2886 probatur
726 2825 766 2870 eo
790 2805 880 2887 quod
902 2805 1114 2887 pronominis
1132 2805 1262 2870 relativi

26 2915 157 2980 formis
180 2915 390 2996 plenioribus
407 2919 486 2980 ante
500 2916 634 2980 vocales
650 2912 857 2997 11111111ῦπερ,
874 2911 964 2998 ἅπερ,
979 2911 1109 2997 ὅσαπερ,
1120 2911 1186 2998 ἥτις
1198 2921 1260 2980 111.

27 3027 182 3092 eandem
210 3026 253 3089 ob
278 3045 414 3089 causam
443 3025 587 3090 formam
616 3027 822 3090 contractam
849 3029 990 3106 usurpat
1011 3023 1156 3108 θάτερον,
1183 3045 1261 3107 par-

26 3138 175 3202 ticulam
204 3132 245 3210 ώς
277 3154 339 3217 pro
368 3132 414 3198 ὅτι
448 3140 526 3200 ante
555 3137 689 3200 vocales
725 3139 758 3200 et
786 3133 862 3199 διότι
893 3155 955 3216 pro
984 3131 1030 3199 ὅτι
1053 3133 1154 3217 (qula)
1182 3140 1262 3217 post

25 3248 170 3312 vocales
200 3250 263 3310 etc.
308 3247 344 3310 in
377 3246 493 3310 codice
522 3245 758 3327 antiquissimo
789 3242 820 3307 V
847 3245 942 3310 elisio
977 3249 1010 3310 et
1044 3246 1149 3311 erasis
1184 3267 1261 3311 raro

26 3358 208 3439 neglectae
233 3361 321 3421 sunt.
345 3358 457 3440 itaque
481 3357 553 3422 eius
577 3357 812 3422 auctoritatem
840 3359 974 3421 secutus
1003 3357 1115 3422 cresin
1143 3357 1262 3422 reduxi

26 3470 64 3532 in
88 3459 277 3549 τοῦναντίον,
299 3465 454 3549 τάναντία,
469 3465 668 3552 τάναγκαῖον,
690 3459 766 3548 κάκ,
788 3458 926 3548 κάκεῖνο,
949 3460 1098 3552 τάληθὲς,
1120 3465 1260 3552 τάγαθά,

26 3577 171 3642 τάδικεῖν
194 3581 256 3642 etc.

72 3869 139 3932 11.
186 3867 603 3932 Observationes
627 3871 954 3931 ‹ie-sermone
975 3865 1225 3931 Philonis.

121 4023 243 4087 Sermo
258 4021 413 4086 Philonis
429 4041 498 4085 non
514 4022 656 4086 multum
672 4022 833 4086 abhorret
847 4020 889 4085 ab
913 4019 970 4084 illo
988 4040 1053 4102 quo
1078 4019 1260 4101 scriptores

30 4133 155 4198 Graeci
179 4131 250 4196 eius
278 4132 443 4214 temporis
473 4133 592 4214 optimi
615 4136 648 4196 et
671 4131 890 4196 eruditissimi
915 4130 965 4194 uti
987 4130 1158 4195 solebant.
1182 4149 1262 4194 nam

28 4243 151 4321 Philo,
184 4246 221 4307 ut
254 4262 329 4307 mos
364 4243 427 4307 fuit
459 4244 623 4309 nobilium
654 4242 853 4307 ludaeorum
885 4241 1207 4317 Alexandrinorum,
1241 4259 1262 4304 a

29 4373 141 4436 puero
170 4353 292 4418 litteris
322 4353 459 4418 Graecis
490 4373 628 4435 operam
661 4354 799 4419 dederat
828 4357 861 4417 et
888 4352 1124 4418 celeberrimos
1158 4351 1261 4416 Grae-

32 4485 153 4530 corum
191 4468 310 4546 poetas
349 4469 382 4529 et
420 4465 604 4545 scriptores
642 4484 765 4546 prosae
803 4463 967 4528 orationis
1005 4461 1261 4543 diligentissime

30 4580 253 4641 tractaverat.
278 4575 390 4657 itaque
407 4595 482 4639 cum
504 4575 741 4657 philosophiae
758 4573 868 4639 studio
885 4574 1035 4638 animum
1058 4572 1262 4637 intendisset

33 4692 67 4750 11
91 4686 135 4750 ad
152 4685 371 4750 scribendum
386 4687 572 4763 accederet,
587 4686 715 4767 vulgari
730 4685 787 4750 illa
803 4703 888 4766 quae
911 4684 946 4748 in
966 4682 1048 4748 Asia
1064 4687 1097 4748 et
1111 4685 1261 4765 Aegypto
