3142 5238
1130 303 1263 369 XXXlll

19 482 172 561 πόλεως,
211 485 284 563 57,7
325 485 515 564 conadaco,
556 487 629 562 58,7
664 483 858 570 ἐνησμὲνισε,
896 488 969 564 61,5
1007 483 1263 572 ἀναρριπίζουσαι

22 595 170 679 (recte),
205 597 299 675 6818
333 595 481 690 παρέχει,
521 597 615 674 66,17
649 595 894 662 κακοπολιτειῶν
931 598 1062 682 (11111),
1096 601 1192 678 66,8Ο
1225 598 1264 678 δ,

23 704 237 790 ἐξομοιώσας,
260 711 331 772 tum
355 708 456 791 ἔργον,
478 705 582 792 πάσῃ,
605 709 678 786 67,8
700 707 1006 794 παραλαμβάνοντες.

119 818 264 882 Summa
300 837 375 882 curn
412 819 510 882 laude
552 820 691 901 Mangey
729 819 764 882 in
800 821 1010 901 praefatione
1047 823 1262 888 Ieremiam

22 927 252 992 Markland
286 934 544 1007 commemorat,
579 929 672 994 cuius
700 949 803 1011 opera
838 933 870 994 et
904 932 1046 996 consilio
1076 938 1109 998 et
1137 934 1260 1000 iudicio

22 1043 198 1120 perpetuo
223 1059 259 1103 se
281 1059 380 1104 usum
404 1060 479 1104 esse
501 1041 690 1121 profitetur.
714 1039 925 1104 coniecturas
949 1042 1020 1106 eius
1044 1062 1111 1106 non
1135 1064 1260 1125 paucas

24 1150 61 1212 in
85 1150 258 1214 addendis
281 1150 406 1232 publici
435 1152 517 1214 iuris
541 1151 635 1229 fecit,
660 1169 729 1213 non
752 1151 876 1232 ubique
898 1154 1013 1216 tamen
1035 1153 1144 1218 virum
1167 1155 1260 1220 illurn

26 1259 293 1340 sagacissimum
321 1261 482 1325 laudavit.
512 1261 637 1326 etenim
666 1262 819 1343 exempla
848 1263 1006 1328 editionis
1035 1265 1197 1347 principis
1227 1271 1260 1332 et

18 1369 196 1434 ,editionis
219 1371 452 1452 Mangeianae,
480 1372 516 1436 in
545 1392 688 1454 quorum
715 1373 923 1453 marginibus
945 1375 1119 1440 Markland
1146 1397 1260 1442 ernen-

27 1481 191 1545 dationes
221 1484 253 1545 et
282 1482 494 1546 coniecturas
524 1502 602 1547 suas
631 1482 814 1560 adnotavit,
844 1484 946 1548 etiam
969 1504 1058 1548 nunc
1081 1486 1115 1550 in
1138 1487 1260 1552 biblio·

27 1593 133 1655 theca
162 1591 268 1655 Musei
297 1592 483 1657 Britannici
505 1593 742 1657 adservantur.
773 1613 857 1674 quae
888 1615 963 1658 cum
986 1615 1093 1678 nuper
1114 1598 1259 1664 Londini

28 1702 277 1783 inspexissem,
299 1704 489 1784 Mangeium
517 1704 609 1768 hand
636 1724 713 1768 raro
742 1704 952 1770 coniecturas
980 1711 1152 1789 tamquam
1180 1729 1259 1774 suas

28 1812 182 1876 edidisse
197 1813 358 1891 intellexi,
375 1834 458 1896 quas
474 1834 495 1878 a
510 1814 704 1878 Marklando
721 1820 911 1896 acceperat.
936 1817 984 1881 eis
1000 1818 1084 1882 locis
1101 1819 1257 1886 omnihus

27 1923 220 1987 Marklandi
248 1943 374 1987 nomen
402 1925 438 1987 in
465 1924 687 1989 adnotatione
716 1924 832 1990 critica
854 1927 1046 1993 adscribere
1069 1949 1139 1994 nou
1162 1931 1258 1996 dubi-

27 2035 234 2116 laniatque
263 2035 346 2099 alias
375 2037 538 2116 quasdam
568 2035 719 2100 eiusdem
746 2037 967 2116 coniecturas,
997 2059 1079 2120 quas
1104 2059 1184 2106 casu
1206 2044 1257 2107 vel

29 2145 189 2208 consulto
222 2145 361 2227 Mangey
392 2146 635 2227 praetermisit,
673 2147 783 2228 recepi
816 2148 869 2211 vel
903 2151 1177 2216 commemoravi:
1216 2153 1256 2217 cs.

29 2256 362 2338 1111111.111,1.6,;18
385 2258 497 2338 84,1,1
521 2259 630 2336 31,,81
654 2257 763 2336 3618,
785 2259 897 2335 4118
919 2260 1010 2338 49,4,
1033 2261 1122 2339 49,;8
1145 2262 1255 2340 5114

29 2369 142 2447 58,1;4
166 2369 254 2446 60,;6
278 2369 367 2446 60,;7
390 2369 613 2446 61,1,116,,86
635 2370 744 2446 68,17,
768 2370 1256 2454 64,;464,,1367,18,11111111

32 2480 137 2543 etiam
164 2479 349 2544 Marklandi
378 2480 515 2544 inventa
542 2481 681 2562 Mangey
702 2480 834 2544 tacit'e
770 2485 861 2544 trn
886 2485 1022 2546 context
1009 2487 1081 2546 tum
1103 2483 1256 2548 Philonis

32 2589 175 2671 recepit:
197 2589 287 2654 velut
308 2581 446 2667 a5,14'
427 2587 482 2672 αφ’
507 2589 629 2671 ἑαυτοῦ,
651 2591 746 2668 ram
770 2590 1010 2676 ἐγγραψάμενοι.

117 2700 201 2764 Post
214 2700 404 2782 Mangeinm
420 2701 555 2784 scriptis
571 2701 726 2766 Philonis
742 2703 961 2768 recensendis
986 2708 1018 2768 et
1034 2704 1255 2769 emendandis

33 2830 137 2892 opera
158 2829 266 2891 paene
288 2811 381 2875 nulla
404 2816 526 2876 navata
549 2814 616 2875 est.
639 2831 718 2875 nam
734 2831 819 2892 quae
836 2817 970 2877 seculae
995 2818 1073 2877 sunt
1089 2814 1255 2880 editiones

31 2921 594 3004 8111111111Ρ1111111151111,
619 2922 783 3004 Erlangae
808 2924 1032 3005 1785-1798)
1055 2928 1089 2988 11
1113 2924 1254 2990 Caroli

33 3031 204 3095 Ernesti
225 3031 397 3096 Richter
419 3032 452 3114 (8
474 3033 562 3110 roll,
584 3031 717 3113 Lipsiae
743 3033 977 3116 1888-1830)
1006 3033 1054 3097 nil
1082 3035 1149 3098 nisi
1172 3055 1253 3116 apo-

33 3142 159 3223 grapha
173 3140 308 3206 fuerunt
323 3143 481 3207 editionis
496 3143 731 3225 Mangeianae.
748 3148 780 3207 et
791 3144 927 3207 Pleiffer
943 3143 1078 3226 quidem
1089 3145 1253 3210 lectiones

31 3253 132 3316 trium
162 3272 245 3334 qnos
273 3273 392 3334 parurn
420 3258 575 3319 accurate
604 3254 792 3318 contulerat
813 3255 978 3320 librorum
999 3255 1254 3321 Monacensium

33 3363 156 3440 attulit,
189 3382 295 3444 pauca
328 3364 487 3428 editionis
520 3366 738 3447 Mangeianae
773 3369 883 3430 errata
911 3366 1073 3444 correxit,
1107 3367 1253 3447 Mangeii

35 3473 268 3537 adnotationes
291 3474 326 3536 in
349 3475 514 3538 addendis
539 3481 717 3558 congestas
740 3475 852 3539 verbis
875 3475 1050 3540 Philoneis
1074 3477 1144 3542 suis
1166 3477 1253 3542 locis

37 3583 247 3664 subscripsit.
281 3604 352 3648 non
388 3585 489 3666 igitur
520 3585 681 3651 iniustum
715 3586 847 3650 videtur
882 3585 965 3650 illud
1001 3587 1251 3669 Wyttenbachii

38 3694 205 3758 iudicium:
228 3692 364 3758 Philone
385 3693 598 3776 Pfcifferiaao
619 3695 728 3760 labem
750 3715 887 3772 1111111,
915 3695 954 3760 in
975 3695 1031 3760 hoc
1052 3694 1138 3760 enim
1155 3717 1250 3778 pecn-

36 3803 122 3868 ninm
138 3803 274 3886 perdidi,
296 3803 353 3885 qai
374 3824 441 3870 non
460 3805 588 3870 11111111
610 3805 1004 3889 1111111111111191111111
1026 3808 1077 3890 (D.
1101 3808 1250 3890 Wytten-

35 3914 143 3979 bachii
157 3914 260 3996 Epist.
277 3915 335 3979 sel.
353 3915 403 3980 ed.
419 3917 552 3994 Mahne,
568 3917 649 3982 fasc.
670 3917 697 3981 ll
711 3937 743 4000 p.
761 3917 831 4000 88).
854 3921 983 3982 textum
997 3918 1250 3984 Picifferianum

37 4026 232 4090 adverbum
253 4007 474 4109 repetendum
503 4029 633 4093 curavit
659 4028 809 4112 Richter,
832 4027 1029 4110 fragmentis
1052 4048 1073 4092 1
1094 4029 1248 4110 Mangeio

38 4136 178 4199 collectis
217 4137 340 4201 adiecit
383 4139 509 4220 scripta
544 4139 699 4204 Philonis
737 4139 929 4204 armeniace
967 4143 1098 4202 servata
1135 4143 1168 4202 et
1204 4139 1247 4202 ab

36 4246 195 4310 Aucherio
217 4246 317 4312 latine
338 4267 437 4312 versa
459 4253 492 4314 et
515 4251 619 4315 edita.
648 4250 785 4315 Pleiffer
809 4256 843 4315 et
864 4250 1002 4316 Richter
1031 4249 1078 4332 (et
1098 4249 1246 4328 Mueller,

38 4358 77 4421 de
105 4376 165 4438 quo
198 4357 293 4438 plura
320 4360 420 4441 paulo
454 4360 555 4444 infra)
584 4362 802 4444 Mangeianae
825 4360 984 4426 editionis
1012 4359 1250 4426 auctoritatem

37 4469 115 4532 adeo
143 4469 245 4532 secuti
274 4475 367 4548 sunt,
393 4474 431 4536 ut
457 4491 501 4535 ne
529 4473 729 4538 manifestos
758 4473 893 4554 quidem
917 4472 986 4534 sive
1007 4470 1153 4551 Mangeii
1176 4471 1247 4536 sive

36 4579 273 4660 typothetarum
309 4601 440 4648 errores
478 4585 699 4666 corrigerent3
733 4603 876 4666 quorum
913 4582 1066 4664 exempla
1110 4581 1251 4648 ridicula

1053 4699 1091 4753 lll
