3092 5236
530 313 733 412 A„

20 521 62 582 κὶ
89 518 130 584 τό
152 519 342 608 γεννώμενον
364 514 424 586 οῦκ
446 519 518 586 ἀνευ
540 518 700 605 κινήσεως,
722 519 757 586 τό
780 522 835 606 μέν
857 521 907 586 ἵνα
928 517 1072 604 γεννήση,
1095 517 1130 582 τό
1146 519 1174 584 δ’
1188 519 1236 584 ἰνα

20 637 174 716 εννῆται·
229 631 321 719 μόνον
354 626 385 698 δ’
413 632 484 698 ούτε
522 633 625 698 κινοῦν
662 632 733 699 οὔτε
772 630 949 718 κινούμενον
982 627 999 698 ὁ
1031 628 1238 715 πρεσβύτερος

20 763 126 828 ρχων
166 746 222 808 καὶ
253 742 393 831 ήγεμιῦν,
428 743 464 810 οῦ
497 742 610 829 λέγοιτ’
647 738 684 810 ἀν
716 742 935 830 προσηκόντως
969 740 1060 808 εἰκιύν
1093 740 1235 829 ἕβδομός.

20 864 171 939 αρτωρεῖ
182 855 217 920 δέ
233 875 292 941 μου
307 859 350 942 τῷ
364 855 449 942 λόγῳ
464 859 519 921 καί
533 855 690 934 Φιλόλαος
706 857 737 922 ἐν
759 855 889 934 τούτοις·
914 853 1019 941 ,Ἔστι
1040 851 1111 941 γάρ,
1134 854 1236 940 φησίν,

20 965 146 1052 γεμιύν
169 970 224 1032 καὶ
249 967 356 1055 ἄρχων
385 963 527 1035 ἀπάντων
554 967 640 1050 θεός,
666 969 725 1052 εἰς,
759 967 809 1034 ἀεὶ
829 967 880 1051 ὤν,
914 966 1048 1054 μόνιμος,
1083 965 1236 1052 ἀκίνητος,
1279 979 1292 1023 5

22 1077 112 1156 ῦτός
136 1072 220 1165 αύτῷ
243 1079 356 1166 ὅμοιος,
380 1083 484 1167 ἕτερος
505 1086 565 1146 τῶν
588 1079 721 1148 ἀλλων.“

104 1189 165 1256 34.
205 1185 262 1260 Ἐν
291 1195 346 1278 μὲν
374 1192 427 1259 ούν
454 1203 517 1270 τοῖς
544 1201 664 1277 νοητοῖς
690 1191 725 1258 τό
754 1188 899 1277 ἀκίνητον
931 1193 986 1256 καί
1018 1188 1142 1268 ἀπαθές
1173 1190 1236 1257 ἐπι-

22 1301 176 1366 είκνυται
198 1302 343 1390 ἓβδομάς,
367 1305 398 1372 ἐν
413 1305 448 1369 δέ
465 1313 527 1382 τοῖς
550 1304 712 1390 αἰσθητοῖς
735 1301 875 1392 μεγάλην
896 1304 951 1368 καὶ
973 1300 1237 1388 συνεκτικωτάτην

20 1412 163 1500 ἑύναμιν,
191 1415 286 1455 ***
313 1417 358 1494 οἷς
377 1417 418 1482 τά
440 1417 560 1502 ἐπίγεια
587 1414 687 1482 πάντα
714 1415 834 1501 πέφυκε
863 1414 1076 1502 βελτιοῦσθαι,
1104 1413 1237 1500 σελήνης

20 1548 45 1590 ιε
78 1526 250 1612 περιόδοις·
284 1527 319 1594 δν
344 1530 389 1594 δέ’
406 1528 529 1614 τρόπον,
564 1527 774 1595 ἐπισκεπτέον.
819 1525 881 1592 ἀπό
915 1525 1047 1613 μονάδος
1080 1527 1237 1605 συντεθεὶς
1259 1537 1291 1584 1⁰

20 1637 88 1722 ιξῆς
113 1631 131 1704 ό
154 1637 232 1706 ἑπτά
266 1636 400 1727 ἀριθμός
433 1639 605 1728 γεννᾷιτόν
632 1639 715 1706 όκτιῦ
743 1641 798 1704 καὶ
824 1641 922 1704 εἰκοσι
950 1638 1066 1704 τέλειον
1093 1640 1148 1702 καὶ
1174 1647 1237 1718 τοῖς

20 1742 114 1814 ιῦτοῦ
143 1749 264 1836 μέρεσιν
292 1751 466 1839 ἰσούμενον·
495 1748 572 1819 ὁδέ
598 1752 760 1838 γεννηθεὶς
789 1748 920 1836 ἀριθμός
947 1747 1236 1829 ἀποκαταστατικός

20 1865 82 1924 ἐστι
105 1861 253 1948 σελήνης,
278 1856 330 1948 ἀφ’
347 1855 383 1930 οὗ
406 1862 521 1950 ἤρξατο
545 1862 708 1950 σχήματος
729 1859 896 1948 λαμβάνειν
918 1860 1045 1946 αὔξησιν
1067 1861 1234 1946 αἰσθητῶς,

20 1974 60 2050 εἰς
85 1969 186 2040 ἐκεῖνο
208 1974 292 2042 κατά
314 1976 437 2062 μείωσιν
463 1973 737 2062 ἀνακαμπτούσης·
767 1973 891 2052 αὔξεται
919 1974 974 2059 μέν
1000 1972 1068 2058 γάρ.
1091 1966 1152 2037 ἀπό
1180 1974 1235 2058 τῆς

20 2083 148 2170 πρώτης
171 2089 350 2173 μηνοειδοῦς
372 2087 570 2175 έπιλάμψεως
596 2087 670 2173 ἀχρι
699 2085 865 2172 διχοτόμου
892 2083 1021 2171 ήμέραις
1047 2082 1141 2168 ἑπτά,
1170 2078 1233 2149 εἴθ’
1256 2095 1291 2142 1⁵

20 2196 140 2281 ἑτέραις
169 2198 333 2278 τοσαύταις
358 2200 539 2286 πλησιφαής
565 2199 679 2285 γίνεται
705 2200 760 2263 καὶ
784 2196 875 2264 πάλιν
902 2189 1086 2282 ὑποστρέφει
1113 2197 1234 2262 διαυλο-

20 2309 180 2395 δρομοῦσα
201 2310 258 2396 τήν
280 2304 376 2396 αῦτήν
399 2305 480 2394 όδόν,
510 2309 572 2376 ἀπό
596 2313 651 2397 μέν
672 2311 727 2394 τῆς
749 2309 943 2395 πλησιφαοῦς
965 2309 1015 2374 ἐπὶ
1035 2307 1092 2394 τήν
1113 2308 1234 2395 διχότο-

21 2442 81 2504 μον
114 2420 192 2487 ἑπτά
223 2423 316 2488 πάλιν
348 2420 493 2509 ἡμέραις,
527 2420 581 2488 εἰτ’
605 2422 666 2487 ἀπό
699 2419 813 2506 ταύτης
838 2421 887 2486 ἐπὶ
913 2417 969 2504 τήν
996 2422 1144 2507 μηνοειδῆ
1169 2431 1234 2500 ταῖς

20 2531 107 2615 ἴσαις,
131 2533 201 2618 ἑξῆς
223 2527 240 2598 ό
262 2534 391 2619 λεχθεὶς
414 2527 548 2623 ἀριθμός
569 2531 841 2622 συμπεπλήρωται.
885 2531 1036 2598 Καλεῖται
1058 2526 1122 2620 δ’ή
1147 2533 1234 2620 ἑβδο-

23 2643 85 2726 μὰς
105 2637 165 2708 ῦπό
179 2651 239 2711 τιῦν
254 2645 366 2730 κυρίως
380 2655 443 2724 τοῖς
466 2645 610 2732 όνόμασιν
634 2646 790 2713 εἰωθότων
807 2647 950 2733 χρῆσθαι
967 2649 1022 2711 καί
1037 2645 1232 2732 τελεσφόρος,
1254 2654 1289 2702 20

108 2784 124 2835 θ
142 2787 299 2851 γεννῆται
316 2785 448 2854 Mangey:
466 2789 575 2854 γένηται
583 2784 653 2840 codd.
706 2788 723 2839 5
738 2783 888 2854 ήγεμιῦνῦε
901 2783 915 2837 ό
926 2783 1065 2852 ήγεμιύνα
1117 2785 1164 2854 εἰς]
1178 2788 1233 2840 sil>

57 2870 73 2920 6
86 2868 165 2940 αύτῷ]
176 2867 248 2938 αύτῷ
257 2876 277 2926 b
326 2873 341 2924 7
351 2876 399 2924 καί
407 2867 513 2936 ἀπαθὲς
523 2889 576 2926 om.
586 2870 615 2926 F
659 2873 770 2926 8verha
780 2871 899 2941 μεγάλην
906 2901 936 2910 -
945 2873 961 2924 9
971 2871 1136 2937 βελτιοῦσθαι
1146 2888 1199 2924 0111.
1206 2870 1236 2924 F

57 2957 73 3006 9
91 2961 152 3008 anie
176 2961 216 3021 οῖς
239 2974 296 3011 non
314 2959 390 3012 nulla
408 2959 579 3026 intercidisse
602 2960 689 3013 videri
711 2959 818 3013 monuit
837 2959 952 3026 Mangey
971 2958 1032 3010 coll.
1051 2958 1136 3011 Clem.
1154 2957 1232 3010 Alex.

26 3039 121 3096 Sirom.
139 3043 175 3096 VI
193 3045 244 3098 813
315 3049 354 3109 οῖς
372 3063 414 3102 a:
432 3046 503 3113 ήςῦ
574 3051 678 3112 πέφυκε
695 3063 750 3101 om.
767 3045 799 3098 D
869 3046 899 3098 11
919 3045 973 3113 τόν]
992 3043 1067 3096 τόἈ
1137 3048 1231 3096 εἰκοσι-

26 3130 92 3180 οκτώ
107 3129 173 3199 BD,
191 3131 240 3199 κη’
254 3131 307 3184 ΑΟ
397 3133 429 3186 12
448 3131 539 3202 αὑτοῦ]
560 3129 640 3186 αὐτοῦ
659 3133 730 3188 codd.
829 3129 1033 3194 ἀποτελεστικὸς
1051 3129 1081 3184 Ιί
1096 3130 1147 3199 (γρ,
1166 3125 1231 3182 ἀπο-

26 3217 214 3281 καταοτατικός
225 3217 271 3274 F'
282 3219 311 3274 in
323 3221 420 3289 marg.)
475 3220 658 3274 14εκεῖνονο
708 3213 948 3286 άνακαπτούσηςΙ
1002 3217 1112 3286 μὲνγὰρ
1125 3215 1230 3272 Μῖἰαι

27 3338 75 3402 γὰρ
92 3345 175 3396 0111.b
230 3342 262 3394 15
275 3344 426 3408 μονοειδοῦς
444 3341 572 3408 ΙίῙΗΙΙὶ,
591 3290 787 3410 μόνοειδοῦςΚ
835 3338 1030 3408 ήμέραςΑΒΟ
1082 3341 1114 3392 16
1137 3337 1231 3391 τοσαύ·

29 3427 90 3496 ταις]
104 3433 173 3492 ῖοαις
192 3426 229 3481 M
278 3434 325 3482 καί
340 3429 431 3499 πάλιν]
444 3425 554 3483 κᾶπειθ’
576 3429 614 3484 Μ
664 3431 695 3483 17
708 3431 890 3497 πλησιοφαοῦς
908 3427 939 3480 D
992 3428 1025 3480 18
1042 3430 1165 3494 μονοειδῆ
1177 3425 1230 3492 1¹¹¹,

30 3529 90 3568 corr.
110 3515 155 3569 iffi
244 3518 276 3570 19
301 3517 373 3587 ἑξῆς]
401 3520 431 3580 ἐξ
453 3515 487 3584 ῆς
513 3515 651 3582 ΑΙίΗΠι,
679 3520 741 3586 ἑξῆς
769 3531 836 3569 corr.
865 3531 898 3568 ex
922 3514 1004 3583 ἑξῆς
1027 3512 1064 3578 Κ,
1089 3517 1117 3576 ἐξ
1140 3513 1175 3566 (iv
1198 3512 1234 3566 M

60 3603 170 3672 λεχθεὶς]
190 3606 283 3671 ῥηθεὶς
299 3603 358 3656 BD
409 3601 494 3672 ήοπι
507 3603 538 3656 D
590 3606 624 3657 20
641 3611 696 3668 τοῖς
708 3599 832 3670 ὀνόμασιν
843 3602 977 3656 εἰωθότων
994 3604 1112 3670 χρῆσθαι
1124 3600 1230 3657 iffa:

30 3695 78 3751 τοῖς
94 3691 210 3743 εἰωθόσιν
228 3685 338 3757 ὀνόμασι
355 3695 495 3758 χρωμένων
513 3696 533 3746 ἰ)

106 3815 121 3865 9
143 3813 228 3867 Glem.
250 3813 328 3866 Alex.
353 3813 452 3882 Sier.
475 3813 511 3866 VI
533 3813 584 3865 813
608 3811 674 3864 έπτά
698 3813 744 3878 μέν
772 3813 832 3863 εἰσιν
859 3813 884 3862 οἱ
906 3804 953 3878 τήν
975 3815 1097 3878 μεγίστην
1124 3808 1230 3875 δύναμιν

33 3897 126 3962 ἔχοντες
142 3900 305 3967 πρωτόγονοι
318 3897 443 3968 Ιἀγγέλων
456 3892 590 3968 ἄρχοντες,
607 3899 673 3952 ἑπτά
692 3902 721 3952 δέ
739 3902 786 3951 καί
804 3903 828 3951 οἱ
845 3894 898 3951 ἀπό
917 3901 967 3952 τῶν
986 3897 1151 3966 μαθημάτων
1164 3898 1230 3964 Ιτούς

33 3977 154 4052 πλάνητας
172 3991 237 4040 εῖναι
255 4003 332 4054 φασιν
349 3983 465 4056 ἀστέρας
483 3988 530 4055 τήν
548 3991 678 4054 περίγειον
696 3989 822 4054 διοίκησιν
835 3988 1026 4048 ἐπιτελοῦντας,
1044 3980 1090 4051 ῦφ’
1112 3984 1146 4036 ὦν
1158 3985 1229 4042 κατοὶ

35 4072 183 4134 συμπάθειαν
201 4079 226 4126 οἱ
242 4077 372 4128 Χαλδαῖοι
389 4074 474 4126 πάντα
492 4077 610 4141 γίνεσθαι
627 4076 759 4140 νομίζουσι
776 4073 809 4125 τά
827 4076 887 4140 περὶ
904 4067 948 4125 τόν
966 4073 1063 4139 θνητόν
1082 4075 1142 4137 βίον,
1161 4065 1226 4137 παρ’

34 4151 46 4204 ὃ
63 4163 175 4227 καὶπερὶ
196 4164 247 4215 τιῦν
271 4161 418 4228 μελλόντων
440 4164 526 4229 λέγειν
544 4161 600 4214 τινά
618 4159 808 4228 ὑπισχνοῦνται,
826 4163 877 4212 τιῦν
899 4163 929 4212 δέ
947 4155 1070 4211 ἀπλανῶν
1093 4156 1159 4208 έπτά
1183 4159 1229 4223 μὲν

37 4245 60 4291 αἱ
81 4247 207 4316 πλειάδες,
235 4249 389 4315 έπτάστεροι
417 4252 447 4301 δὲ
469 4253 497 4300 αἱ
523 4247 630 4315 ἀρκτοι,
662 4243 728 4300 καθ’
756 4247 789 4310 ἃς
815 4251 843 4298 αἱ
869 4251 994 4315 γεωργίαι
1024 4247 1072 4296 καί
1101 4245 1229 4296 ναυτιλίαι

38 4334 244 4398 ωμπεραιοῦνται,
262 4333 279 4403 ή
300 4335 397 4403 σελήνη
416 4351 445 4386 τε
469 4330 503 4387 δι’
525 4335 591 4387 έπτά
608 4332 714 4402 ήμεριῦν
731 4333 858 4400 λαμβάνει
876 4334 937 4396 τούς
955 4329 1227 4399 μετασχηματισμούς.

67 4415 93 4468 11
111 4419 141 4472 de
158 4423 202 4477 vit.
220 4423 288 4476 Mos,
306 4424 330 4476 Π
351 4423 399 4476 148
417 4464 423 4475 .
443 4464 449 4476 .
469 4463 474 4475 .
493 4427 540 4474 καί
562 4423 608 4476 τόν
625 4418 696 4475 όκτω
718 4426 765 4474 καί
788 4426 883 4473 εἴκοσιν
901 4415 1014 4486 ἀριθμόν
1037 4421 1149 4486 τέλειον,
1164 4421 1227 4470 Ιἴσον

39 4507 83 4584 Ιτοῖς
99 4509 185 4562 ἑαυτοῦ
204 4514 319 4578 μέρεσιν.
339 4511 372 4564 de
391 4514 515 4578 sepienn.
534 4511 558 4565 II
576 4511 628 4563 278
646 4551 652 4564 .
673 4549 678 4561 .
697 4551 705 4568 ,.
728 4514 776 4562 καί
798 4507 833 4572 (ῦς
852 4503 987 4576 (ἑβδομάς)
1010 4508 1163 4558 συντεθεῖσα
1181 4508 1227 4572 μέν

42 4579 83 4640 ἀπὸ
100 4595 205 4662 μονάδος
223 4599 289 4666 ἑξῆς·
296 4601 374 4665 γεννᾷ
386 4598 430 4650 τόν
442 4593 514 4649 ἀκτω
531 4602 579 4650 καί
597 4599 796 4650 εἰκοσι-τέλειον
814 4591 935 4663 ἀριθμόν,
953 4601 1007 4658 τοῖς
1026 4591 1106 4646 αύτοῦ
1125 4597 1227 4660 μέρεσιν

40 4674 90 4730 ῐῦθθ-
168 4685 201 4738 όΟ
223 4687 258 4739 de
277 4690 401 4754 septenn.
419 4685 444 4740 Π
462 4685 512 4740 θ81
532 4686 647 4753 ἑβδομὰς
665 4681 689 4737 δ’
710 4679 884 4751 ἀμιγέστατος
903 4677 1038 4752 (ἀριθμός)
1056 4685 1104 4734 καί
1121 4683 1185 4748 φῶς,
1204 4683 1226 4732 εἰ
