3142 5238
278 369 379 434 XLIV

367 554 573 639 ἐξευμαρύζειν
596 555 650 639 (ci.
674 556 849 638 Siegfried‚
873 557 974 638 gloss.
997 557 1130 622 Philon.
1155 577 1181 621 s,
1204 557 1263 640 v.):
1287 557 1409 638 Eurip.

366 663 603 730 ἐπαποδύεσθαι
631 667 685 749 (cf.
715 667 891 748 Siegfried‚
920 669 1022 749 gloss.
1050 667 1184 732 Philon.
1214 688 1239 732 s.
1263 667 1322 750 v.):
1347 669 1413 732 Ar.
1440 669 1511 750 Lys.

433 778 505 842 616.
529 778 622 842 Suid.
646 798 672 842 s.
695 799 725 841 v.
749 776 1015 864 &concinnitate

366 887 523 972 ἐπίχειραι
550 891 632 977 trag.
655 888 740 954 Plat.

365 995 521 1074 εύκταῖοςι
543 1002 633 1080 poet.
655 999 739 1064 Plat.

365 1106 519 1193 adorirer:
542 1115 632 1190 poet.

364 1218 507 1303 κλαῦμαι
530 1221 651 1284 Aesch.
676 1222 780 1302 Soph.
802 1221 859 1285 Ar.

364 1327 490 1405 κλόνοςι
512 1335 602 1411 poet.
772 1392 774 1396 ,

364 1437 502 1505 κλύδωνι
524 1446 613 1522 poet.
636 1442 739 1506 Arist.
763 1439 1022 1525 (Polyb.'Plut.).

365 1549 528 1634 κραταιόςι
551 1551 660 1616 forma
682 1553 822 1634 poetica,
847 1572 948 1633 quarn
967 1551 1116 1637 1113114
1131 1572 1148 1616 e
1165 1553 1336 1617 codicibus
1363 1556 1510 1631 restitui,

430 1663 563 1743 saepius
587 1663 675 1744 apud
697 1662 874 1727 Philonem
897 1663 1033 1744 legitur:
1057 1664 1097 1727 cf.
1115 1664 1204 1745 quod
1226 1664 1290 1728 det.
1313 1668 1385 1745 pot.
1403 1665 1508 1729 insid.

431 1773 532 1837 1223.
556 1774 597 1837 de
621 1777 748 1854 septen.
772 1774 886 1837 111181.
910 1775 982 1838 188.
1007 1775 1048 1838 de
1071 1794 1196 1855 praem.
1214 1779 1246 1839 et
1261 1795 1361 1856 poen.
1386 1776 1417 1839 ll
1434 1778 1508 1840 412.

432 1883 550 1947 eadem
571 1887 711 1948 utuntur
732 1884 933 1948 Plutarchus
956 1885 1123 1950 Lucienus
1147 1885 1212 1949 alii.

337 1999 339 2004 '
364 1993 538 2078 μακραίωνε
562 1998 645 2076 trag.
666 1996 776 2076 Apoll.
799 1995 864 2059 Rh.
888 1995 1011 2078 (LXX).

362 2103 537 2189 νηχεσδαιι
560 2109 649 2186 poet.

362 2214 527 2278 νουθεσίαι
551 2219 639 2297 poet.

362 2323 474 2408 όδύνηι
498 2328 587 2407 poet.
610 2326 694 2390 Plat.

362 2434 506 2518 πλωτηρι
529 2441 618 2517 poet.
642 2437 726 2502 Plat.
750 2437 853 2501 Arist.

361 2543 560 2630 προπομπός;
583 2548 705 2612 Aesch.
730 2546 829 2630 (Plut.
853 2548 944 2613 Sext.
969 2546 1088 2630 Emp.).

362 2654 531 2733 στενωπόςι
553 2663 642 2739 poet.
664 2659 749 2722 Plat.

363 2767 548 2852 retinniunt:
571 2774 660 2851 poet.
684 2770 784 2851 (Plut.
807 2769 908 2852 Luc).

362 2887 467 2962 χρεῖος
495 2880 549 2959 (cf.
579 2880 620 2943 de
649 2884 735 2960 post.
768 2880 864 2944 Caini
893 2880 906 2943 l
936 2881 1008 2944 154.
1039 2880 1080 2942 de
1108 2880 1195 2943 conf.
1224 2880 1302 2961 ling.
1326 2879 1339 2943 l
1361 2881 1441 2944 ι131.
1469 2881 1507 2944 de

428 2990 485 3054 vit.
508 2991 592 3054 Mos,
615 2989 733 3073 11981ι
757 2994 839 3071 trag.
864 2989 977 3073 (Luc).

364 3100 432 3165 Sed
454 3101 490 3164 in
512 3102 575 3164 hac
597 3104 748 3164 veterum
772 3101 975 3181 scriptorum
998 3099 1185 3164 imitatione
1200 3100 1299 3163 Philo
1323 3100 1434 3166 multa
1452 3103 1508 3165 illa

275 3230 362 3292 quae
389 3210 490 3291 longo
519 3229 601 3274 aevo
631 3214 711 3290 post
738 3210 867 3274 litteras
898 3231 916 3273 e
944 3210 1064 3274 Piraeo
1094 3215 1225 3274 evectas
1255 3214 1379 3274 novata
1407 3217 1508 3276 erant

276 3340 347 3385 non
381 3320 527 3402 neglexit
559 3324 657 3402 atque
687 3320 857 3400 ingentem
887 3322 1018 3402 copiam
1053 3340 1169 3385 eorum
1196 3321 1376 3384 verborum
1405 3342 1508 3386 usur·

275 3431 369 3512 pavit
403 3451 486 3512 quae
520 3431 555 3494 in
588 3431 868 3513 philosophorum
903 3431 1028 3495 scholis
1063 3431 1200 3495 inventa
1230 3435 1262 3494 et
1291 3431 1442 3495 formata
1475 3433 1508 3494 in

276 3560 489 3605 communem
504 3561 603 3605 usum
618 3541 833 3605 transierant.
848 3542 939 3605 velut
955 3542 1032 3605 inde
1048 3543 1090 3606 ab
1105 3541 1338 3604 Aristotele
1362 3542 1506 3606 demum

277 3654 313 3716 in
327 3671 391 3715 usn
408 3655 504 3715 erant
518 3652 682 3716 vocabula
705 3648 883 3735 ἀδιάφορος,
908 3649 1067 3733 άντωδεῖν,
1091 3649 1300 3734 ἀποτέλεσμα,
1325 3646 1507 3735 ἀσυνήθης,

276 3760 487 3846 αύτοκύνητος,
524 3767 635 3845 γεῦσις,
673 3759 816 3846 διαμονή,
853 3762 1027 3842 διατυποῦν,
1065 3760 1309 3845 διαυλοδρομεῖν,
1348 3760 1507 3844 διάφυσις,

273 3871 451 3958 διχότομος,
476 3869 587 3956 εἱρμός,
611 3873 756 3956 ἔκκρισις,
781 3871 984 3956 ἐμπεριέχειν,
1001 3873 1140 3956 ἔμφασις,
1164 3869 1314 3956 ἐμφυσᾶν,
1338 3871 1507 3936 ἐναπολεί-

272 3984 404 4067 πεσδαι,
421 3982 569 4068 ἐνέργεια,
587 3982 717 4067 ἔνικμος,
734 3981 921 4067 ἐντελέχεια,
944 3981 1137 4066 ἐνυπάρχειν,
1154 3980 1316 4065 εύσαρκία,
1339 3976 1505 4066 εύχορτος,

274 4094 416 4180 εὔχροια,
440 4091 572 4177 ἐφικτός,
596 4093 769 4178 ζῳογονεῖν,
793 4093 969 4178 θεολογεῖν,
992 4092 1134 4179 δυμικός,
1159 4091 1290 4178 ἰοβόλος,
1312 4092 1506 4175 καταπληκ-

273 4203 371 4283 τικός,
387 4202 595 4289 κατόρθωσις,
611 4202 842 4288 κεφαλαιώδης,
866 4200 1030 4289 λιμνάζειν,
1054 4204 1185 4289 μείωσις,
1205 4200 1380 4288 μοναδικός,
1405 4201 1505 4288 μονή-

274 4336 343 4400 ρης,
372 4314 523 4400 ὀξυωπης,
553 4314 699 4395 όξυωπία,
728 4313 842 4398 όρασις,
872 4307 1046 4398 ὀργανικός,
1074 4313 1262 4398 περίττωμα,
1291 4311 1502 4397 πολυσχιδής,

273 4424 410 4511 πρόεσις,
426 4424 645 4510 σπερματικός,
661 4423 863 4511 συνδυασμός,
880 4422 1065 4509 σωματικός,
1081 4422 1241 4509 ταυτότης,
1261 4422 1502 4507 τελεσιουργεῖν,

272 4535 450 4621 φιλάρετος,
479 4535 624 4620 φύραμα.
654 4541 752 4618 atque
769 4541 812 4601 'ut
834 4557 854 4601 a
876 4537 1017 4601 Platone
1042 4540 1074 4600 et
1097 4537 1138 4600 ab
1161 4536 1355 4614 Aristotele,
1384 4535 1433 4598 ita
1459 4533 1501 4596 ab

274 4648 353 4711 aliis
382 4647 661 4728 philosophorum
690 4648 814 4710 scholis
843 4667 931 4710 nova
958 4647 1121 4710 vocabula
1148 4646 1246 4728 Philo
1279 4646 1424 4727 accepit,
1449 4645 1501 4706 in-
