3092 5236
498 383 700 488 A

9 595 196 665 δασκαλίαν
227 597 289 664 τῶν
316 595 436 676 ἔπειτα,
466 593 558 682 μόνον
586 593 646 662 ούκ
673 594 814 682 ἄντικρυς
844 593 968 684 βοῶοης
995 595 1052 682 τῆς
1080 590 1212 679 φύσεως,

9 733 20 774 ι
46 709 238 799 μιμούμενοι
260 710 312 776 τόν
337 701 520 796 ἀρχηγέτην
540 715 595 775 τσῦ
622 707 731 796 γένους
759 708 881 789 ἀπόνως
908 713 964 775 καί
986 708 1213 794 ἀταλαιπώρως

36 815 262 908 ἀφθονωτάτη
289 821 350 888 τῶν
378 815 557 908 ἀναγκαίων
590 819 720 908 εὐπορίᾳ
753 821 919 901 διάξουσιν·
953 824 1038 888 τουτί
1071 823 1106 886 δὲ
1138 843 1212 907 ουμ·

9 932 128 1017 ἱσεται,
155 934 159 1020 Ι
183 933 238 1000 έάν
267 931 349 1019 μηθ’
373 933 407 998 αί
433 932 543 1020 ἄλογοι
571 931 683 1019 ἡδοναί
711 933 817 1020 ψυχῆς
840 932 1067 1000 δυναστεύουσι
1089 953 1212 1018 γαστρι-
1231 954 1257 1004 p.
1270 938 1301 989 19
1313 937 1348 990 Μ.

9 1045 123 1131 ιργίαν
151 1048 207 1110 καί
233 1045 378 1131 λαγνείαν
407 1045 633 1132 έπιτειχίσαοαι
662 1043 744 1131 μηθ’
768 1046 802 1109 αί
828 1044 921 1132 δόξης
948 1045 969 1131 ἢ
995 1043 1168 1132 χρημάτων
1190 1043 1212 1129 ἢ
1256 1059 1269 1104 5

9 1157 86 1244 νχῆς
120 1157 284 1243 ἐπιθυμίαι
311 1156 347 1222 τό
374 1158 429 1222 τοῦ
459 1157 527 1245 βίου
554 1156 670 1243 κράτος
692 1155 870 1242 ἀνάψωνται
894 1157 972 1245 μήτε
995 1158 1137 1224 οτείλωοι
1159 1159 1213 1222 καί

9 1269 137 1354 ἀμψωσι
161 1267 297 1335 διάνοιαν
312 1270 346 1334 αί
366 1268 461 1334 λύπαι
483 1263 601 1356 μηθ’ό
622 1268 724 1347 κακός
745 1269 928 1356 σύμβουλος,
951 1270 1057 1357 φόβος,
1086 1269 1141 1348 τάς
1164 1271 1214 1334 έπί

9 1379 18 1444 ἱ
40 1382 205 1446 σπουδαῖα
227 1384 287 1447 τῶν
310 1381 409 1466 ἔργων
431 1377 529 1467 όρμάς
551 1379 737 1467 ἀναχαιτίση
762 1379 837 1467 μήτ’
854 1379 1014 1467 ἀφροσύνη
1038 1385 1093 1447 καί
1115 1348 1229 1446 δειλία

9 1493 36 1556 αὶ
65 1490 179 1556 ἀδικία
206 1495 261 1557 καί
287 1491 324 1558 τό
345 1497 406 1558 τῶν
435 1491 539 1558 ἀλλων
567 1493 686 1559 κακιῶν
708 1490 873 1579 ἀμήχανον
896 1493 1021 1578 πλῆθος
1049 1494 1213 1578 ἐπιθῆται.

9 1605 46 1670 ινί
83 1606 144 1690 μὲν
180 1602 242 1690 γὰρ
279 1603 402 1671 πάντων
435 1602 495 1669 ὅσα
527 1604 673 1670 λέλεκται
705 1604 1033 1691 παρευημερηοάντων
1067 1607 1122 1669 καὶ
1154 1605 1215 1670 τῶν
1236 1613 1271 1658 ¹⁰

9 1714 167 1800 νθριύπων
196 1713 310 1801 ἀνέδην
337 1715 556 1802 ἐκκεχυμένων
579 1718 621 1793 είς
642 1738 677 1781 τε
699 1714 738 1780 τοὶ
760 1714 853 1801 πάθη
881 1718 937 1780 καί
957 1716 1013 1794 τάς
1036 1715 1215 1802 ἀκράτορας

10 1828 40 1888 αί
61 1822 233 1910 ὑπαιτίους,
257 1824 293 1904 ἀς
315 1818 385 1891 τύδ’
410 1827 505 1892 εἰπεῖν
526 1826 627 1913 θέμις,
650 1818 774 1913 ὀρέξεις,
797 1825 972 1894 ἀπαντᾶται
1000 1828 1072 1914 δίκη
1096 1827 1214 1914 προσή-

9 1957 86 2001 συοα
123 1935 259 2024 τιμωρός
295 1936 418 2023 ἀσεβῶν
455 1937 723 2025 ἐπιτηδευμάτων·
758 1940 822 2003 ἔστι
856 1937 886 2002 δ’
921 1932 942 2024 ἡ
977 1940 1051 2025 δίκη
1085 1939 1120 2004 τό
1152 1944 1214 2004 τῶν

9 2051 170 2135 ’,ναγκαίων
197 2048 416 2135 δυσπόριστον.
446 2049 533 2136 μόλις
565 2049 627 2136 γάρ
662 2049 882 2137 ἀνατέμνοντες
913 2049 970 2135 την
997 2050 1131 2116 πεδιάδα
1159 2052 1214 2115 καί

9 2163 95 2246 ηγῶν
119 2163 236 2247 ῥεῖθρα
258 2165 315 2227 καί
335 2163 484 2249 ποταμῶν
507 2161 746 2248 ἀποχετεύοντας
768 2161 945 2247 σπείροντές
972 2184 1006 2226 τε
1028 2165 1083 2227 καί
1105 2161 1214 2247 φυτεύ·
1236 2168 1271 2213 ¹⁵

9 2295 72 2351 ντες
93 2277 152 2338 καὶ
173 2273 226 2340 τόν
247 2273 414 2361 γεωπόνων
435 2277 579 2361 κάματον
601 2273 678 2361 μεθ’
701 2267 822 2361 ἡμέραν
850 2276 905 2338 καὶ
930 2272 1050 2359 νύκτωρ
1079 2267 1215 2359 ἀτρύτως

9 2385 195 2473 ικδεχόμενοι
222 2380 263 2452 δι’
294 2389 381 2464 ἔτους
413 2387 635 2473 ουγκομίζουσι
667 2384 706 2450 τά
739 2383 899 2471 ἐπιτήδεια
931 2386 986 2450 καί
1018 2384 1105 2451 ταῦτ’
1135 2387 1215 2451 έστιν

9 2489 45 2558 ίτε
65 2497 168 2584 λυπρά
191 2500 247 2562 καί
271 2495 307 2564 ού
329 2497 410 2565 πάνυ
436 2499 561 2584 διαρκῆ,
584 2497 635 2563 διά
657 2495 776 2575 πολλάς
807 2491 952 2585 βλαβέντ’
976 2497 1087 2574 αἰτίας·
1110 2495 1132 2582 ἤ
1153 2499 1215 2583 γάρ

9 2607 113 2695 ίμβρων
136 2611 326 2697 ἐπαλλήλων
347 2615 443 2697 φοραί
463 2611 640 2697 κατέσυραν
661 2609 683 2696 ἢ
706 2608 852 2695 χαλάζης
872 2607 967 2696 βάρος
990 2609 1216 2696 έπενεχθείσης

10 2716 117 2804 ἀθρόως
144 2724 342 2790 κατέκλασεν
374 2723 396 2808 ἠ
429 2723 507 2809 χιολν
538 2721 720 2809 περιέψυξεν
752 2721 774 2807 ἢ
814 2721 865 2808 βία
901 2721 1084 2808 πνευμάτων
1119 2721 1216 2806 ῥίζαις
1235 2728 1271 2776 2⁰

10 2829 97 2911 ιύταῖς
124 2832 311 2920 ἀνέστρεψε·
340 2835 445 2900 πολλὰ
472 2836 533 2920 γάρ
562 2835 646 2920 ὕδωρ
673 2836 727 2898 καί
754 2831 818 2917 ἀηρ
852 2833 894 2910 είς
927 2831 1054 2918 ἀγονίαν
1085 2835 1216 2919 καρπῶν

10 2946 235 3030 νεωτερίζουσιν.
266 2948 294 3011 εί
321 2946 356 3011 δέ
385 2945 570 3033 σωφροσύνη
600 2949 655 3033 μέν
678 2944 929 3030 έξευμαριοθεῖεν
952 2945 985 3008 αί
1006 2944 1134 3030 ἀμετροι
1155 2948 1216 3011 τῶν

83 3144 94 3195 1
113 3145 193 3212 μόνον
211 3141 262 3198 ούκ
277 3143 344 3200 Vb:
364 3144 474 3212 μσνσνού
487 3144 552 3213 Fa,
570 3143 649 3211 μόνον
667 3139 697 3196 ού
715 3147 763 3196 καί
783 3141 821 3196 Μ
896 3141 1052 3210 ἄντικρυς
1076 3141 1153 3198 VM:
1172 3142 1216 3195 άν-

11 3241 70 3292 um
93 3235 138 3286 ab
211 3229 344 3284 ἀάπονον
362 3229 392 3284 F
460 3232 528 3284 3έν
555 3226 784 3296 ἀφθονωτάτη
812 3230 874 3282 τῶν
901 3225 1091 3298 ἀναγκαίων
1118 3226 1215 3283 εύπο-

12 3315 54 3378 βίᾳ
65 3313 172 3374 VMFa
186 3336 192 3369 :
212 3321 240 3370 έν
252 3313 431 3384 ἀφθονωτάτη
445 3321 531 3385 διαίτῃ
545 3322 592 3370 καί
605 3313 716 3384 εύπσρίᾳ
733 3319 784 3369 τῶν
796 3313 948 3385 ἀναγκαίων
960 3322 979 3373 b
1032 3322 1104 3370 τουτί
1117 3316 1215 3383 MFa,

12 3401 252 3468 zofltfiVnoffwb
305 3403 478 3472 ἀμήτετοάιί.
525 3408 613 3473 ψυχῆς
628 3403 705 3459 VM:
719 3405 866 3472 ψυχήναίι
913 3402 1216 3458 δυναστεύσωσιΜΚΒι

13 3486 166 3545 δυναστεύωσι
190 3489 378 3558 VFABOHI,
397 3491 583 3545 δυναστεύουσι
599 3490 631 3545 D
704 3492 722 3544 5
741 3494 931 3558 ἐπιστιχίσασαι
954 3489 991 3543 Μ
1059 3490 1126 3560 μήτε
1143 3489 1215 3544 codd.

20 3577 170 3668 ,1101111
218 3578 467 3647 ῆκνηνάτωνῆ
484 3575 668 3647 ἀνκῆτῶσ,
680 3579 697 3646 ῆ
710 3577 887 3646 κνωμάτωνή
902 3573 1058 3646 &ww
1072 3577 1217 3646 χρημάτων

15 3663 145 3728 ίιΡλῆςΜι
163 3666 181 3734 ἦ
197 3661 284 3734 ἀρχῆς
301 3665 318 3734 ἤ
337 3666 517 3734 χρημάτωνδ
571 3664 829 3720 7διοίνοιανοτῐι.λ7
878 3659 953 3733 μηθ’]
973 3660 1036 3732 μηδ’
1052 3662 1089 3716 Μ
1139 3665 1216 3728 8τάς

16 3751 139 3815 σπουδαίας
157 3751 196 3806 Μ
244 3747 429 3820 ἀναχετίοηίῙ
478 3752 605 3822 9τό]τῷ
621 3750 649 3817 0,
668 3752 701 3805 τά
721 3751 758 3805 Μ
763 3747 778 3792 1
830 3752 952 3803 κακιῶν
969 3749 1010 3805 V:
1028 3750 1122 3803 κακῶν
1140 3748 1218 3804 ceteri

46 3832 72 3884 10
95 3840 137 3901 μὲν
161 3835 224 3908 γάρ]
248 3843 278 3891 δέ
300 3857 325 3895 α
400 3838 504 3892 πάντων
522 3837 626 3894 VMa:
645 3840 770 3894 πάνταί)
848 3835 1135 3905 ύπερευημερηοάντων
1158 3835 1217 3890 BD

47 3918 71 3970 11
89 3918 193 3994 ἀναίδην
210 3925 242 3980 D
312 3925 513 3994 έκχυμένωνίί
580 3931 617 3991 εἰς
635 3927 668 3980 τά
686 3943 716 3978 τε
734 3924 772 3978 Μ
838 3919 966 3990 ἀκρατεῖς
984 3922 1021 3977 Μ
1090 3925 1122 3977 19
1140 3922 1217 3976 ύπαι-

18 4004 92 4075 τίῡῦς]
112 4007 254 4080 ύπαγγίους
278 4011 309 4076 V,
335 4010 504 4075 ὑπεναντίους
529 4011 568 4066 Μ
642 4008 827 4065 ἀπαντάται
845 4010 958 4078 scripsi:
982 4009 1088 4062 ἅπαντα
1105 4027 1134 4062 τε
1149 4007 1179 4076 V,
1198 4009 1216 4060 ἃ

21 4081 126 4146 πάντοτε
137 4096 176 4165 M,
196 4095 301 4166 ἀπαντᾷ
319 4103 348 4152 τὲ
366 4104 416 4155 ab
469 4099 644 4168 προσήκουσα
662 4102 766 4162 δέξεται
782 4098 894 4166 τιμωρός
913 4095 950 4149 M
1001 4098 1033 4150 13
1051 4095 1221 4164 τειμωρόςίῙ

47 4172 61 4241 λ
82 4181 147 4251 δικη
169 4203 203 4237 το
222 4188 282 4238 τῶν
304 4181 498 4253 ἀναγκαίων
516 4185 738 4253 δυσπόριστον
762 4184 801 4240 V:
819 4183 836 4253 ἡ
856 4188 917 4253 δίκη
936 4201 974 4247 τις
994 4183 1045 4236 τῶν
1063 4178 1217 4250 ἀναγκαίων

23 4257 49 4355 τό
57 4264 210 4334 δυσπόριστον
229 4270 270 4340 Μ,
283 4267 453 4341 ἠδικηκότων
469 4268 617 4340 ἀναγκαῖον
633 4266 805 4343 (τάναγκαῖον
817 4270 855 4341 F)
867 4270 1037 4338 δυσπόριστον
1048 4268 1110 4332 Ιίῠ,
1122 4265 1217 4338 ἠδικη-

23 4357 92 4400 κθτων
107 4358 140 4419 εἰς
156 4359 265 4411 κόλασιν
282 4359 316 4411 τά
334 4361 385 4412 τῶν
403 4355 557 4428 ἀναγκαίων
574 4360 734 4428 δυσπόριστα
752 4377 776 4415 a
830 4359 863 4412 14
876 4357 960 4428 μόλις]
980 4357 1057 4425 μόγις
1075 4355 1113 4410 Μ
1160 4357 1218 4426 την

26 4436 143 4493 πεδιάδα
156 4443 241 4512 VFa,
251 4445 460 4514 τόντεπεδιάδα
470 4445 516 4500 M:
529 4441 562 4499 τά
571 4451 682 4503 πεδίαί)
742 4448 775 4500 15
784 4443 903 4514 πιγῶνίΤ
952 4443 1171 4512 Ῑύγεωπόνων
1186 4442 1216 4509 V,

25 4517 65 4567 τῶν
82 4530 209 4589 γεωπόνων
232 4530 286 4586 M:
304 4533 439 4601 γεωπόνον
462 4538 511 4589 ab
581 4529 644 4587 καθ’
659 4532 762 4602 ἡμέραν
780 4531 845 4586 MF
854 4547 858 4554 ·
912 4532 944 4584 17
963 4534 1165 4600 συγκομίζονται
1184 4530 1221 4584 Μ

55 4605 82 4657 ¹9
97 4623 186 4682 φοραί
206 4624 398 4688 κατέσυραν
419 4618 458 4675 V:
477 4621 550 4688 φορά
568 4625 713 4688 κατέσυρεν
730 4619 808 4674 oeten·
878 4621 1117 4686 έπενεχθείσης
1140 4616 1217 4673 VM:

29 4699 260 4774 κῦιίείῑλθῑίσηςτιδ
303 4707 339 4759 90
348 4702 453 4773 ἀθρόας
464 4704 518 4761 VF
558 4707 590 4759 ἀί
602 4703 772 4775 ἀνέστρεψεῠ
782 4724 789 4758 ι
799 4701 961 4772 ἀνέστρεψαν
972 4704 1004 4770 V,
1015 4701 1143 4771 ἀνέτρεψε
1149 4703 1218 4774 MF',
