3092 5236
493 419 695 525 *35*—

18 637 91 726 ιφροὶ
116 629 191 700 δύο.
221 629 312 701 πάλιν
340 627 370 700 δ’
395 633 434 700 αὖ
460 635 497 700 τό
523 632 793 722 ἡγεμονικώτατον
821 633 853 700 ἐν
879 631 950 720 ζῴῳ
979 629 1104 718 κεφαλή
1136 636 1199 709 τοῖς

18 747 241 833 ναγκαιοτάτοις
264 748 341 814 ἑπτά
362 749 488 834 χρῆται,
518 749 602 814 δυσὶν
625 746 816 833 ὀφθαλμοῖς,
842 743 953 823 ἀκοαῖς
978 747 1071 828 ἴσαις,
1095 742 1199 820 αὐλοῖς

18 861 139 944 ικτήρος
173 860 274 943 δυσίν,
303 858 426 946 ἑβδόμῳ
455 859 597 946 στόματι,
632 852 673 925 δι’
697 857 734 923 οὔ
761 858 875 944 γίνεται
907 857 1031 943 θνήτῶν
1060 856 1129 942 μέν,
1157 848 1199 932 ὣς

18 993 45 1055 μή
69 971 218 1054 Πλάτων,
247 972 381 1055 εἴσοδος,
410 971 515 1050 ἔξοδος
542 969 573 1035 δ’
598 964 783 1056 ἀφθάρτων·
813 968 1027 1055 ἐπεισέρχεται
1055 970 1109 1054 μὲν
1135 968 1198 1054 γάρ

18 1080 66 1168 λτή
87 1083 168 1148 σιτία
191 1086 247 1148 καὶ
273 1083 369 1168 ποτά,
397 1084 541 1171 φθαρτοῦ
568 1083 712 1170 σώματος
737 1083 877 1169 φθαρταὶ
903 1081 1030 1167 τροφαί,
1055 1079 1144 1166 λόγοι
1166 1078 1197 1144 δ’
1241 1087 1255 1131 ⁵

18 1195 93 1274 ζόασιν
125 1193 291 1262 ἀθανάτου
326 1198 430 1284 ψυχῆς
470 1190 624 1264 άθάνατοι
655 1194 752 1283 νόμοι,
787 1197 829 1260 δι’
858 1193 900 1260 ών
931 1188 949 1259 ό
976 1191 1101 1280 λογικός
1135 1192 1199 1278 βίος

18 1309 176 1394 ιβερνάται.

69 1435 125 1502 41.
169 1435 222 1501 Τά
244 1438 279 1501 δὲ
301 1436 352 1502 διά
378 1439 433 1524 τῆς
461 1435 588 1524 ἀρίστης
615 1443 676 1504 τῶν
703 1436 883 1522 αἰσθήσεων
911 1434 1012 1519 ὄψεως
1032 1432 1198 1520 κρινόμενα

18 1547 107 1632 ετέχει
128 1553 185 1613 τοῦ
209 1545 346 1634 ἀριθμοῦ
368 1543 575 1635 κατάγένος·
600 1547 678 1614 ἑπτά
699 1547 760 1634 γάρ
783 1547 907 1612 ἐστιτὰ
929 1543 1080 1633 ὁρώμενα,
1098 1550 1197 1632 σῶμα,

18 1657 146 1744 ιάστασις,
170 1662 293 1747 σχῆμα,
316 1660 461 1747 μέγεθος,
483 1663 608 1748 χρῶμα,
635 1661 763 1748 κίνησις,
784 1660 899 1743 στάσις,
925 1663 981 1724 καὶ
1001 1656 1089 1743 παρά
1108 1655 1196 1724 ταῦτ’
1220 1655 1254 1704 ¹⁰

18 1767 74 1836 όδέν
105 1774 223 1858 ἕτερον.
278 1773 466 1860 Συμβέβηκε
500 1773 602 1860 μέντοι
634 1776 688 1838 καὶ
719 1770 775 1850 τὰς
806 1775 862 1857 τῆς
891 1773 996 1857 φωνῆς
1023 1767 1198 1857 μεταβολάς

18 1881 86 1960 άσας
106 1883 186 1949 ἑπτά
210 1886 299 1969 εἶναι,
328 1884 385 1971 τήν
407 1885 523 1969 ὀξεῖαν,
545 1886 602 1971 τήν
625 1886 760 1973 βαρεῖαν,
788 1883 845 1971 τήν
865 1883 1114 1970 περισπωμὲνην,
1143 1884 1198 1946 καὶ

18 1991 127 2078 ἐταρτον
154 1994 253 2062 δασὺν
280 1995 423 2082 φθόγγον
450 1999 505 2061 καὶ
533 1996 622 2082 ψιλὸν
642 1997 781 2084 πέμπτον
808 1999 862 2061 καὶ
890 1995 1010 2082 μακρόν
1032 1997 1122 2060 ἕκτον
1143 1995 1198 2058 καὶ

18 2105 103 2189 ραχόν
134 2107 278 2194 ἐ.βδομον
324 2105 419 2172 Ἀλλὰ
450 2109 513 2195 γάρ
544 2111 599 2173 καὶ
626 2108 761 2195 κινήσεις
793 2107 871 2174 ἑπτὰ
899 2109 974 2174 εἶναι
1005 2106 1196 2194 συμβέβηκε,

18 2213 83 2300 ήν
67 2240 140 2302 ανω,
163 2217 221 2304 τήν
243 2218 346 2301 κάτω,
373 2218 430 2305 τήν
459 2221 509 2285 ἐπὶ
537 2218 620 2299 δεξ’
573 2220 636 2303 ξια,
664 2219 799 2305 τήνέτό
765 2217 975 2306 πεῦώνυμα,
1001 2217 1058 2304 τήν
1079 2217 1196 2303 πρόσω,
1218 2227 1253 2271 1⁵

18 2325 48 2411 ήν
71 2331 213 2415 κατόπιν,
240 2330 341 2417 τήνέ
341 2355 358 2398 ν
385 2332 510 2418 κόκλῳ,
533 2332 569 2411 ἃς
598 2334 717 2411 ἐντοῖς
745 2332 879 2420 μάλιστα
900 2332 1059 2417 τρανοῶσιν
1087 2330 1116 2394 οἱ
1140 2328 1197 2415 τήν

19 2459 114 2525 ρχησιν
135 2442 384 2530 ἐπιδεικνύμενοι.
429 2445 514 2510 Φασὶ
535 2447 572 2510 δὲ
586 2444 710 2523 καὶτὰς
731 2443 782 2510 διά
803 2450 858 2511 τοῦ
880 2443 1023 2531 σώματος
1046 2444 1197 2527 ἐκκρίσεις

18 2553 177 2620 τεστάλθοιι
206 2557 249 2641 τῷ
277 2555 423 2642 λεχθέντι
451 2550 590 2644 άριθμήι·
620 2557 671 2622 διά
699 2560 754 2644 μὲν
780 2558 842 2643 γάρ
869 2555 1043 2643 ὀφθαλμῶν
1075 2555 1197 2641 δάκρυα

18 2675 158 2751 ιροχεῖται,
198 2665 250 2732 διά
282 2669 318 2732 δέ
350 2667 515 2754 μυκτήρων
548 2669 581 2734 αἱ
613 2669 651 2733 ἐκ
682 2668 825 2753 κεφαλῆς
857 2667 1044 2753 καθάρσεις,
1079 2666 1129 2732 διά
1162 2668 1197 2731 δὲ

18 2772 135 2857 πόματος
157 2777 174 2843 ό
199 2777 430 2866 άποπτοόμενος
452 2780 568 2858 σίελος·
592 2783 649 2846 εἰσὶ
671 2782 706 2845 δέ
733 2782 788 2844 καὶ
815 2781 912 2845 διτταὶ
937 2780 1099 2867 δεξαμεναὶ
1120 2777 1196 2865 πρὸς
1216 2777 1252 2824 ¹⁰

18 2881 50 2961 ῑτὶς
79 2891 134 2955 τῶν
168 2889 408 2979 περιττωμάτων
450 2885 684 2978 άποχετεόσεις,
720 2886 742 2978 ἡ
779 2893 834 2978 μέν
874 2892 1067 2978 ἔμπροσθεν,
1104 2889 1125 2976 ἡ
1163 2893 1198 2956 δέ

18 2997 129 3067 ιατόπιν·
152 3006 230 3088 ἕκτη
254 3002 283 3067 δ’
308 3002 430 3090 ἐστὶνή
453 3003 494 3069 δι’
518 3004 593 3070 ὅλου
614 3013 669 3071 τοῦ
691 3004 834 3092 σώματος
856 3006 888 3070 ἐν
915 3005 1017 3090 ἱδρῶτι
1037 3002 1197 3089 πρόχυσις,

78 3243 88 3294 l
107 3240 131 3296 δ’
152 3245 192 3298 αὖ
206 3244 255 3299 M:
274 3248 303 3298 τὲ
316 3245 349 3298 αὔ
362 3250 420 3315 αδ,
437 3248 467 3298 τὲ
480 3245 577 3310 affl,
597 3249 627 3298 δὲ
645 3245 678 3299 αὖ
696 3243 741 3300 1⁴¹²
810 3247 826 3300 1
846 3241 936 3310 αὐλοῖς
949 3243 1052 3302 MFa:
1070 3241 1197 3310 αιἰλαϊςδ

37 3323 121 3397 θέφην
137 3332 261 3385 πλαστῶν
279 3332 340 3402 (sic)
360 3331 397 3386 M
461 3333 514 3400 γάρ
533 3350 626 3403 oma
686 3333 798 3401 5λόγοι
816 3331 920 3388 MFa:
943 3333 1065 3400 λόγοοδ
1122 3335 1197 3395 θὲς·

19 3411 107 3466 οῶσινθἸ
153 3417 342 3488 8κρινόμενα]
361 3419 576 3487 ἐπεισκρινόμενα
594 3417 631 3472 Μ
682 3420 713 3472 11
734 3419 923 3488 μεταβολήςΒ
976 3421 1009 3473 11
1025 3417 1196 3484 πάσαςΜε

18 3489 94 3564 ἱτάσας
109 3503 185 3558 ceteri
256 3506 287 3558 15
305 3505 352 3573 τήν
370 3501 506 3570 άνωτάτω,
524 3507 572 3574 τήν
589 3505 736 3560 κατωτάτω
755 3505 790 3559 Μ
858 3502 901 3559 ἐπ’
922 3523 975 3560 om.
995 3504 1031 3562 M
1100 3506 1199 3559 16καί

18 3580 47 3647 M
60 3589 159 3644 κατόπιν
178 3590 216 3645 Μ
274 3591 318 3660 ἃς]
336 3592 369 3660 ἣν
388 3592 425 3646 Μ
487 3594 518 3646 17
536 3597 675 3661 γινομένας
688 3599 751 3647 ante
764 3597 895 3660 ἐκκρίσεις
914 3595 976 3647 add.
996 3591 1033 3646 M
1095 3595 1127 3646 18
1144 3593 1197 3660 γάρ

18 3681 51 3721 11-
66 3671 92 3724 D
148 3680 182 3732 19
195 3682 292 3734 ὲκοιῐι.
307 3676 344 3731 M
410 3681 445 3734 10
462 3678 477 3732 ὃ
497 3675 749 3748 άποπτυόμενος
767 3683 879 3744 σίελος
892 3678 941 3733 M:
960 3684 986 3733 οἱ
1002 3674 1198 3747 ἀποπτοόμενοι

18 3757 75 3811 ιῐελοι
88 3765 159 3819 ceteri
229 3767 260 3820 11
280 3764 297 3835 ή
319 3770 364 3833 μὲν
381 3767 434 3834 γάρ
453 3767 569 3835 πρόσθεν
587 3764 642 3821 Mla
712 3769 745 3820 11
764 3769 852 3834 ἱδρῶσι
870 3766 926 3824 Fa

18 3875 292 3899 ι.

78 3952 94 4004 1
108 3955 190 4011 Plat.
203 3958 273 4011 Tim.
286 3958 319 4010 75
332 3958 349 4010 d
361 3957 409 4025 τήν
428 3961 457 4010 δὲ
475 3959 507 4026 δή
527 3961 574 4011 τοῦ
587 3959 717 4026 στόματος
728 3955 803 4026 ήμῶν
816 3957 922 4024 δύναμιν
934 3953 1024 4010 ὀδοῦσι
1035 3960 1082 4010 καί
1093 3958 1197 4024 γλώττῃ

18 4037 48 4084 ιαί
61 4043 159 4104 χείλεσιν
177 4048 257 4096 ἕνεκα
274 4047 326 4096 τῶν
344 4038 495 4112 ἀναγκαίων
507 4050 555 4099 καί
566 4049 616 4098 τῶν
634 4041 745 4112 ἀρίστων
757 4045 934 4113 διεκόσμησαν
947 4049 972 4097 οἱ
984 4047 1197 4110 διακοσμοῦντες,

18 4115 75 4182 mv
90 4131 264 4197 διατέτακται,
288 4131 336 4201 τήν
359 4135 406 4198 μὲν
428 4136 529 4186 εἴσοδον
550 4136 602 4186 τῶν
625 4127 778 4200 ἀναγκαίων
801 4133 985 4201 μηχανώμενοι
1001 4132 1086 4199 χάριν,
1104 4132 1151 4199 τήν
1170 4124 1194 4184 δ’

18 4203 85 4266 ἱξοδον
103 4221 148 4271 τῶν
170 4215 294 4286 ἀρίστων·
319 4215 464 4287 ἀναγκαῖον
488 4224 534 4288 μέν
551 4221 604 4288 γάρ
622 4219 674 4272 πᾶν
697 4220 760 4272 ὅσον
778 4224 924 4288 εἰσέρχεται
944 4220 1044 4287 τροφήν
1066 4220 1138 4271 διδόν
1160 4220 1197 4285 τῶ

18 4292 99 4368 Mum,
121 4301 149 4358 τό
178 4311 208 4359 δὲ
233 4306 321 4374 λόγων
347 4310 420 4373 νοϊμα
443 4310 493 4371 ἐξω
517 4311 577 4374 ῥέον
600 4311 648 4360 καί
670 4304 817 4374 ὑπηρετοῦν
840 4307 964 4375 φρονήσει
985 4306 1128 4360 κάλλιστον
1150 4310 1198 4359 καί

18 4373 98 4442 1Ρῑοτον
115 4394 215 4446 πάντων
232 4393 363 4460 ναμάτων.
453 4395 483 4448 11
504 4396 569 4462 Leg.
588 4395 670 4462 alleg.
689 4394 753 4448 146
775 4394 823 4459 τάς
846 4413 875 4447 τε
897 4393 947 4447 τῶν
965 4393 1092 4462 φθόγγων
1110 4392 1198 4457 τάσεις

18 4463 404 4548 ἑπτα1ε1ναισομβέβγκεν,όξόν,
424 4481 511 4549 βαρῶν,
530 4482 733 4549 περισπώμενον,
752 4482 839 4547 δασόν,
858 4481 941 4549 ψιλόν,
961 4481 1072 4548 μακρόν,
1091 4481 1198 4548 βραχύν.

43 4555 69 4609 11
82 4561 136 4634 Leg
149 4569 229 4636 alleg,
242 4569 390 4622 Ιόὸπάλιν
409 4569 442 4622 αό
461 4587 582 4636 σωματος
594 4570 662 4622 ἐπτα
678 4569 801 4637 κινήσεις,
819 4565 960 4637 όργανικαί
978 4571 1078 4635 μὲνέξ,
1097 4567 1197 4635 ἑβδόμη

18 4629 62 4686 1
50 4650 399 4722 11111ῳ.1711)1ι1.αῑ
421 4673 449 4708 τε
468 4651 621 4724 ἀποκρίσεις
640 4657 716 4722 ἑπτά,
735 4657 847 4723 δάκρυα,
867 4655 952 4723 μόξαι,
972 4658 1066 4721 σίελος,
1085 4659 1197 4723 σπέρμα,

20 4723 78 4782 διττοὶ
91 4742 282 4809 περιττωμάτων
300 4737 397 4808 ὀχετοί,
415 4747 463 4796 καί
481 4739 515 4796 δι’
537 4743 601 4796 ὅλοι
620 4746 667 4796 τοῶ
686 4736 808 4811 σώματος
826 4744 912 4811 ἱδρώς.
