3142 5238
311 381 364 446 LII

311 566 369 653 την
391 567 524 654 βαθεῖαν
545 567 600 630 καὶ
621 563 838 651 καρποφόρον.
868 566 908 632 ci.
933 567 974 630 de
987 585 1087 648 spec.
1111 566 1173 646 leg.
1195 565 1224 628 11
1246 565 1308 629 369
1331 563 1454 649 ψυχῆς
1479 613 1486 627 .
1511 613 1542 626 ..

312 678 334 766 η
358 679 413 766 μέν
435 676 604 743 terrunci.
953 712 955 718 ·

398 791 535 856 Dativus
568 790 707 872 pluralis
742 808 817 854 cum
845 790 1047 871 pronomine
1076 785 1168 865 αὐτὸς
1196 787 1420 869 coniungitur
1458 807 1543 851 corn·

313 903 485 968 munionis
501 901 738 984 significandae
754 920 869 966 causa:
893 899 989 984 ῥίζαις
1011 898 1117 977 αὐταῖς
1138 899 1242 978 abac.
1259 899 1301 964 dc
1316 899 1428 980 agric.
1447 899 1541 962 1301.

316 1015 375 1080 sed
408 1014 507 1079 Philo
541 1014 594 1078 his
623 1013 707 1078 locis
742 1031 871 1077 morem
905 1011 1107 1094 scriptorum
1140 1010 1367 1094 posteriorum
1408 1014 1542 1076 secutus

314 1146 503 1209 pronomen
536 1125 743 1207 postposuit,
778 1143 853 1188 cum
886 1123 988 1188 Attici
1023 1123 1174 1188 dicerent
1211 1119 1316 1198 αὐταῖς
1350 1120 1461 1205 ῥίζαις
1495 1121 1540 1205 (ei.

314 1239 447 1303 Lobeck
469 1237 512 1302 ad
534 1237 655 1320 Phryn.
679 1257 711 1318 p.
738 1235 826 1320 100);
850 1240 883 1300 et
906 1236 954 1300 sic
977 1236 1097 1318 legitur
1119 1236 1209 1318 quod
1232 1235 1314 1300 deus
1340 1234 1386 1298 sit
1414 1235 1538 1298 immut.

315 1351 329 1414 1
351 1350 413 1414 683
437 1340 543 1424 αὐταῖς
565 1346 662 1431 ῥίζαις
683 1347 738 1423 τάς
759 1346 815 1430 τῆς
837 1346 973 1425 διανοίας
994 1345 1104 1424 νόσους
1126 1346 1275 1432 ἐκτεμεῖν.

402 1460 547 1523 Verbum
570 1456 770 1542 διαφέρειν
792 1459 882 1540 apud
904 1462 1034 1523 veteres
1064 1458 1246 1540 scriptores
1276 1477 1363 1535 cum
1381 1457 1537 1539 genetivo

316 1590 483 1653 personae
506 1574 539 1635 et
554 1570 666 1634 dativo
683 1570 731 1635 rei
748 1570 967 1635 construitur.
993 1571 1175 1652 scriptores
1197 1569 1410 1652 posteriores
1431 1570 1538 1650 (Arist.

317 1683 431 1763 Polyb.
460 1681 557 1746 Diod.
586 1681 661 1762 etc.)
692 1701 768 1746 cum
802 1682 992 1747 accusativo
1020 1678 1187 1762 personae
1214 1681 1353 1745 verbum
1386 1679 1538 1764 διαφέρειν

320 1793 527 1875 coniungunt
560 1793 656 1875 eique
691 1794 872 1875 superandi
905 1794 1080 1858 notionem
1119 1792 1276 1857 induunt.
1314 1792 1408 1856 hunc
1451 1812 1538 1856 usun

321 1909 453 1971 secutus
482 1909 534 1970 est
561 1905 675 1970 Philo:
710 1905 751 1969 cf.
780 1906 871 1983 51‚11
904 1905 1015 1989 μακρῷ
1043 1925 1098 1968 τινι
1125 1901 1196 1980 τοιλς
1230 1903 1335 1966 ἔπειτα
1364 1903 1537 1988 διενεγκεῖν.

320 2016 414 2097 53‚10
436 2013 507 2092 τούς
529 2037 562 2079 τε
585 2016 637 2080 νῦν
659 2015 748 2092 ὄντας
770 2015 916 2092 καὶτοὺς
939 2016 998 2100 πρὸ
1021 2009 1110 2102 ἡμῶν
1133 2012 1299 2099 διενεγκών
1321 2008 1481 2092 ἅπαντας.

406 2130 599 2195 Structurae
627 2125 783 2211 χαίρειν
806 2127 843 2190 έν
865 2147 935 2191 τινι
958 2131 990 2192 et
1013 2126 1064 2190 ἐπί
1086 2147 1140 2190 τινι
1162 2127 1332 2191 alternant
1355 2127 1437 2204 ono
1461 2147 1537 2208 sqq.;

321 2240 410 2322 apud
424 2239 554 2304 Atticos
576 2237 696 2322 χαίρειν
719 2238 750 2302 ἐν
772 2259 826 2302 τινι
848 2258 925 2302 raro
946 2238 1105 2302 occurrit:
1129 2237 1170 2302 cf.
1187 2238 1291 2319 Soph.
1308 2238 1436 2302 Trach.
1458 2238 1536 2301 1118.

321 2352 406 2416 Plat.
427 2351 511 2432 Rep.
533 2351 563 2413 X
585 2350 647 2414 603
656 2370 683 2414 c.

408 2461 597 2546 ἐμφαγεῖν
618 2460 673 2524 τοῦ
694 2463 819 2545 καρποῦ
841 2462 939 2525 Philo
964 2461 1048 2525 dixit
1071 2459 1170 2545 (dod)
1198 2460 1241 2524 ad
1264 2462 1536 2526 consuetudinem

324 2573 526 2654 scriptorum
553 2572 796 2653 posteriorum
829 2577 959 2637 veteres
988 2573 1129 2636 verbum
1158 2571 1307 2656 ἐμφαγεῖν
1342 2591 1419 2636 cum
1451 2592 1536 2637 accu-

324 2684 430 2748 sativo
454 2683 712 2765 coniungebant.

409 2796 555 2859 Verbum
577 2791 734 2879 ἀνέχειν
764 2815 839 2859 cum
868 2794 1021 2876 genetivo
1045 2799 1079 2859 et
1100 2794 1352 2876 praepositione
1375 2791 1442 2858 ἀπό
1467 2815 1534 2860 con·

325 2908 432 2972 iunxit
453 2907 550 2986 47‚14
572 2901 634 2970 ἀπὸ
656 2909 716 2970 τῶν
738 2904 841 2970 ἀλλων
865 2902 1032 2989 ἀνέχοντας
1055 2905 1162 2989 έργιυν,
1186 2905 1262 2970 aliis
1278 2906 1361 2980 locis
1379 2925 1458 2970 curn
1475 2907 1535 2971 solo

325 3021 493 3103 genetivo:
521 3019 561 3083 cf.
586 3019 627 3082 de
649 3018 706 3082 vit.
733 3019 815 3082 Moe.
839 3018 866 3081 Π
890 3019 949 3082 113
972 3015 1094 3083 πάντων
1121 3018 1157 3080 δέ
1185 3017 1302 3103 μικρῶν
1323 3017 1378 3080 καὶ
1402 3015 1535 3100 μεγάλων

327 3131 425 3215 ἐργων
458 3128 579 3213 ἀνέχειν
612 3128 770 3212 διείρηται.
804 3128 831 3191 II
861 3129 921 3192 166
947 3128 1003 3213 τῆς
1031 3128 1231 3214 βλασφημίας
1264 3126 1396 3212 ἀνέχειν.
1430 3129 1460 3192 Π
1487 3129 1533 3192 161

327 3234 495 3325 ἀνέχοντας
522 3242 577 3325 μέν
605 3241 704 3324 ἔργων
729 3240 785 3302 καί
810 3238 927 3323 τεχνῶν
956 3239 1016 3302 τῶν
1043 3239 1085 3315 εἰς
1112 3236 1272 3324 πορισμόν.
1303 3239 1344 3304 de
1368 3239 1534 3321 septenli

327 3354 387 3417 681
413 3355 446 3416 et
468 3353 530 3416 683
554 3349 675 3436 ἀνέχειν
698 3351 796 3436 ἐργυν
819 3351 889 3437 (ubi
912 3350 1142 3416 Tischendorf
1162 3348 1291 3435 ἀπέχειν
1314 3351 1452 3433 scripsit
1475 3352 1533 3416 sine

330 3482 430 3526 causa
458 3462 608 3546 idonea).
641 3463 682 3526 de
712 3484 800 3545 spec.
830 3464 892 3544 leg.
922 3463 949 3526 11
978 3463 1039 3526 305
1069 3459 1189 3547 ὁμιλίας
1217 3459 1401 3546 ἀνεχέσθω.
1430 3463 1532 3526 eaden

328 3574 421 3637 verbi
444 3571 567 3657 ἀνέχειν
583 3578 750 3640 structura
764 3575 854 3657 apud
869 3574 954 3639 alios
971 3575 1153 3657 scriptores
1168 3575 1376 3657 posteriores
1393 3574 1532 3646 occurrit

330 3687 366 3747 ut
388 3685 476 3765 apud
499 3685 688 3767 Appianum
710 3686 742 3750 b.
759 3686 842 3751 Pun.
860 3686 900 3750 75
923 3683 1072 3770 ἀνασχεῖν
1093 3685 1147 3750 τοῦ
1169 3683 1323 3770 πολέμου;
1347 3685 1467 3750 eadem
1482 3688 1532 3751 ian

330 3815 411 3858 usus
428 3799 479 3860 est
495 3796 680 3876 Sophocles
697 3797 779 3861 Oed.
792 3778 871 3879 Tyr.
893 3797 954 3860 174
976 3796 1063 3881 ίηίιυν
1077 3794 1228 3881 καμάτιυν
1245 3794 1393 3880 ἀνέχουσι
1407 3805 1532 3880 γυναῖκα,

332 3905 451 3988 (schol.
465 3904 711 3989 ἐλευθεροῦνται,
724 3905 824 3972 ἄνεσιν
841 3907 974 3992 ἐχουσιν,
987 3905 1220 3991 ἀναπαύονται).
1234 3908 1322 3990 apud
1333 3908 1532 3974 Plutarchum

331 4017 452 4098 legitur
473 4014 596 4100 ἀνέχειν
618 4017 726 4083 ἐαυτὸν
749 4016 811 4082 ἀπό
834 4039 921 4095 τινος.

416 4127 654 4192 Accusativum
682 4148 757 4193 cum
784 4129 1036 4211 praepositione
1063 4122 1123 4192 ὑπό
1158 4131 1377 4195 coniunctum
1410 4130 1531 4210 legimus

333 4258 395 4321 pro
419 4239 530 4304 dativo
554 4239 626 4315 31,7
649 4238 787 4323 καθίστη
811 4238 870 4304 τῶν
898 4233 968 4304 ὑπὸ
996 4239 1168 4325 σελήνην
1196 4234 1342 4306 ἀπάντων
1366 4239 1491 4326 βασιλέα
1509 4243 1531 4302 et

334 4350 429 4428 ‘ibib
452 4359 518 4426 ταῖς
540 4351 575 4413 δέ
598 4349 743 4427 διανοίαις
764 4351 823 4417 τῶν
846 4344 905 4435 ὑφΦ
930 4345 1043 4417 αὑτὸν
1066 4345 1210 4419 ἀπάντων
1237 4349 1424 4437 ἐνεχάραξε.
1446 4353 1484 4416 cf.
1502 4351 1531 4414 de

334 4464 423 4542 post.
447 4462 662 4526 Caruilius
690 4459 790 4526 πάνθ’
814 4459 875 4525 ὅσα
903 4463 962 4527 τῶν
991 4456 1043 4527 ἀπ’
1068 4462 1199 4549 οὐρανὸν
1225 4457 1481 4549 ὠκυδρσμυίτατα.
1502 4463 1530 4524 de

335 4571 392 4635 vit.
421 4572 503 4636 Mos.
531 4572 559 4635 Π
589 4573 650 4636 144
680 4569 757 4656 μετά
786 4572 821 4635 δέ
848 4571 904 4656 την
932 4572 1089 4658 κάδαρσιν
1118 4575 1178 4639 τῶν
1207 4568 1265 4640 ἀπὸ
1297 4571 1439 4658 σελήνην.
1465 4575 1529 4638 haer

337 4700 475 4746 casuum
498 4683 651 4748 confusio
674 4682 709 4746 in
733 4703 888 4749 sermone
915 4685 1042 4768 vulgari
1072 4686 1107 4751 in
1134 4685 1207 4751 dies
1230 4686 1337 4770 magis
1360 4683 1528 4757 increbuit
