3092 5236
823 391 1025 496 ..⁷⁸-.

379 602 473 667 έτεσι·
503 601 627 689 σπέρμα
655 602 690 666 δέ
717 603 773 668 καί
797 601 863 691 ἡβη
892 604 924 671 ἐν
950 604 1080 692 δευτέρᾳ
1108 603 1273 692 ἐβδομάδι·
1302 603 1404 691 γένεια
1435 603 1518 680 δ’ὡς

377 714 488 782 ἐπίπαν
511 714 543 782 ἐν
564 714 662 802 τρίτη,
684 715 739 802 <ἐν
759 714 804 802 ἡ)
825 717 881 780 καί
907 717 964 804 τὴν
986 718 1029 794 είς
1051 723 1151 803 μὴκος
1179 717 1276 804 αὔξην
1304 715 1516 804 ἀπολαμβάνει,

375 826 432 912 τὴν
460 825 490 891 δ’
522 827 564 905 είς
590 825 708 905 πλάτος
736 826 769 893 ἐν
795 826 927 916 τετάρτῃ
956 828 1115 916 έβδομάδι.
1164 831 1310 896 Maerob.
1346 851 1468 896 comm.
1493 830 1517 891 in

377 941 492 1008 Somn.
517 940 606 1024 Scip.
629 942 642 1004 Ι
664 942 739 1019 6,70
754 945 828 1024 post
848 961 952 1008 ακαοε
973 946 1087 1024 septem
1107 941 1215 1006 dentes
1235 940 1293 1024 qui
1309 940 1411 1024 primi
1434 961 1517 1004 emer-

376 1057 486 1119 serant
499 1052 573 1118 οίίίο
586 1051 760 1136 αρίίοιόόκο
773 1054 816 1120 ad
830 1053 932 1120 οίόκικ
950 1053 1085 1120 solidum
1106 1053 1308 1120 nascentibus
1330 1053 1457 1118 cedunt.
1473 1101 1480 1115 .
1495 1101 1517 1114 ..

376 1165 444 1251 (71)
461 1169 535 1248 post
547 1184 651 1232 awnos
664 1169 770 1231 autem
785 1165 831 1232 δίε
845 1171 958 1250 septem
972 1165 1042 1250 ίρεο
1056 1165 1168 1232 aetatis
1181 1165 1364 1232 necessitate
1372 1163 1518 1249 ρκόοεοίίι

354 1282 454 1343 wne
475 1277 562 1344 οκίικ
582 1277 699 1344 ιποοοιό
720 1276 904 1363 καιόμεναι
928 1277 1144 1364 ροκονοίόοκιζτ
1169 1277 1208 1345 in
1229 1277 1378 1372 masculis
1398 1281 1432 1342 et
1451 1297 1517 1360 μαι-

374 1389 460 1474 ραίόο
480 1388 684 1472 feminarum.
707 1439 715 1455 .
740 1442 746 1456 .
771 1440 778 1455 .
802 1391 869 1477 (72)
886 1396 960 1476 μοοί
981 1395 1028 1456 ter
1049 1396 1190 1475 septenos
1210 1411 1316 1457 οιικοο
1334 1410 1436 1475 ρειαιο
1456 1389 1518 1469 βαι

376 1500 468 1566 vestit
487 1500 619 1568 iuventa
640 1502 781 1586 idemque
801 1523 912 1570 οκκιιε
931 1502 1087 1585 ἡκακία
1108 1503 1238 1588 ίικτραικ
1259 1501 1418 1568 crescendi
1440 1499 1518 1584 facit:

378 1617 408 1678 et
428 1618 544 1696 quarta
565 1633 726 1680 αααοικικι
751 1613 914 1682 hebdomas
935 1615 1055 1700 inpleta
1075 1615 1114 1680 όνι
1134 1613 1235 1682 latum
1256 1633 1379 1700 quoque
1400 1633 1520 1680 ονοςιονο

377 1725 464 1792 κλίτα
484 1725 550 1792 iam
566 1726 710 1810 prohibet
732 1732 794 1794 etc.

314 1855 389 1937 40,4
412 1877 500 1941 sqq.:
524 1857 642 1923 Theol.
670 1856 778 1923 Arith.
804 1878 836 1940 p.
864 1859 906 1923 δέ
935 1856 989 1942 (ex
1016 1857 1188 1943 Anatolio)
1216 1852 1336 1944 ἡλικίαι
1362 1855 1460 1936 έπτά,
1490 1853 1519 1930 ὥς

380 1989 473 2054 φησιν
495 1962 777 2054 Ἱπποκράτης·
807 1967 886 2033 ἑπτά
915 1968 987 2035 είσιν
1017 1957 1111 2054 ιὺραι,
1141 1967 1177 2047 όίς
1209 1967 1334 2054 ἡλικίας
1365 1967 1519 2053 καλέομεν,

379 2080 509 2164 παιδίον,
532 2088 613 2164 παῖς,
636 2079 804 2166 μειράκιον,
827 2080 997 2164 νεανίσκος,
1021 2078 1110 2166 άνὴρ,
1132 2079 1317 2168 πρεσβύτης,
1341 2079 1458 2166 γέρων.
1479 2079 1519 2142 καὶ

378 2192 500 2258 παιδίον
528 2194 583 2279 μέν
612 2191 702 2278 ἄχρις
731 2190 809 2258 έπτά
837 2192 940 2279 ἐτέων,
968 2191 1100 2259 ὀδόντων
1129 2191 1264 2281 ἐκβολὴ·
1293 2201 1365 2270 παῖς
1389 2190 1420 2256 δ’
1446 2191 1519 2277 ἄχρις

378 2305 516 2390 <γονὴς>
543 2303 687 2390 ἐκφύσιας
716 2304 747 2382 ἐς
773 2305 812 2370 τά
840 2306 884 2382 δίς
910 2304 950 2384 ζ’·
981 2304 1140 2391 μειράκιον
1162 2303 1191 2370 δ’
1216 2304 1291 2391 ἄχρι
1311 2305 1435 2392 γενείου
1457 2304 1519 2387 λαχ-

378 2415 501 2494 νυίσεως
530 2416 561 2494 ἐς
587 2416 626 2480 τά
653 2418 716 2502 τρίς
743 2414 786 2495 ζ’·
820 2416 979 2494 νεανίσκος
1011 2416 1042 2482 δ’
1077 2415 1142 2482 ἔστ’
1178 2415 1338 2502 αὑξὴσεως
1371 2415 1449 2481 ὅλου
1479 2419 1518 2478 τοῦ

380 2527 525 2614 σώματος
548 2528 578 2605 ἐς
606 2527 646 2592 τά
671 2525 814 2612 τετράκις
841 2525 883 2606 ζ’·
906 2527 1081 2614 πρεσβύτης
1103 2526 1133 2593 δ’
1158 2523 1248 2614 άχρις
1276 2529 1354 2595 ἐτῶν
1375 2525 1421 2596 νά
1445 2528 1474 2604 ἐς
1491 2523 1519 2588 τό

380 2638 507 2717 ἑπτάκις
527 2637 574 2725 η’·
596 2639 632 2704 τό
655 2638 686 2704 δ’
711 2640 855 2705 ἐντεῦθεν
878 2638 985 2725 γέρων.

314 2771 388 2851 41,5
413 2791 500 2854 sqq.:
524 2769 615 2836 Sext.
631 2769 748 2854 Pyrrh.
769 2771 881 2853 hypot.
897 2769 938 2832 111
955 2770 1014 2834 155
1037 2769 1092 2833 καί
1114 2767 1194 2834 οὑτω
1217 2767 1255 2833 τά
1277 2790 1311 2833 τε
1333 2767 1518 2854 σώματακά

380 2880 452 2948 ὅλον
484 2873 536 2947 τόν
568 2879 686 2967 κόσμον
716 2879 1002 2946 ἀνειδωλοποιοῦσιν
1031 2880 1323 2966 (Pythagorei),
1351 2875 1456 2947 όντινα
1480 2879 1519 2943 καὶ

379 2992 566 3058 διοικεῖσθαί
587 3014 663 3078 φασι
684 2991 768 3057 κατά
795 2985 979 3078 ἁρμονικοὺς
1006 2991 1128 3078 λόγους,
1156 2990 1208 3058 τόν
1235 3015 1269 3058 τε
1292 2992 1343 3056 διά
1366 2991 1518 3078 τεσσάρων,

380 3104 413 3182 ός
441 3105 520 3170 ἐστιν
548 3104 706 3190 ἐπίτριτος,
735 3097 777 3181 ὑς
805 3105 872 3189 ἔχει
900 3103 977 3189 πρός
1004 3104 1043 3169 τά
1070 3104 1103 3183 ἓξ
1130 3104 1170 3170 τά
1198 3096 1291 3188 όκτώ,
1320 3107 1376 3169 καί
1404 3107 1459 3171 τόν
1483 3101 1519 3166 διό

378 3216 479 3300 πέντε,
502 3215 535 3294 ός
558 3217 637 3282 ἐστιν
658 3214 807 3302 ἡμιόλιος,
830 3213 872 3293 ὡς
899 3217 966 3302 ἔχει
994 3216 1071 3301 πρός
1098 3217 1137 3281 τά
1159 3216 1192 3295 ἓξ
1220 3217 1259 3281 τά
1284 3216 1383 3300 ἐννέα,
1408 3221 1464 3282 καί
1481 3215 1518 3280 τόν

382 3331 433 3395 διὰ
454 3337 571 3413 πασῶν,
595 3329 637 3407 ός·
651 3330 715 3395 ἐστι
737 3327 905 3413 διπλάσιος,
930 3327 970 3407 ὡς
993 3331 1061 3415 ἔχει
1081 3329 1159 3414 πρός
1179 3329 1220 3395 τό
1243 3328 1275 3408 ἓξ
1297 3329 1336 3394 τά
1359 3328 1491 3395 δυόδεκα.

317 3470 391 3550 41,9
408 3489 497 3554 sqq.:
521 3470 641 3534 Theon
657 3471 789 3554 Smyrn.
804 3489 837 3552 p.
854 3470 926 3551 85,8
942 3467 1109 3554 ἀναλογίας
1131 3469 1167 3532 δέ
1189 3466 1205 3531 ό
1230 3469 1284 3554 μέν
1306 3460 1518 3552 Θράσυλλός

385 3601 476 3665 φησιν
499 3580 575 3644 είναι
589 3580 827 3667 προηγουμένας
840 3588 930 3665 τρεῖς,
947 3578 1159 3666 άριδμητικὴν
1173 3579 1389 3666 γεωμετρικήν
1414 3573 1517 3665 ἁρμονι-

383 3690 459 3777 κὴν·
493 3683 705 3777 άριδμητικὴν
741 3693 797 3778 μέν
833 3689 888 3778 τὴν
925 3690 1026 3778 ταὺτῷ
1064 3687 1190 3778 ἀριθμῷ
1228 3684 1450 3777 ὑπερέχουσαν
1480 3687 1517 3752 καὶ

383 3797 627 3888 ὑπερεχομένην,
649 3803 735 3888 <οίον
757 3803 781 3870 ς’
804 3801 837 3866 δ’
861 3801 914 3891 ιβ’·
936 3803 1150 3890 γεωμετρικὴν
1178 3804 1214 3868 δέ
1242 3801 1298 3889 τὴν
1324 3801 1431 3889 ταύτῷ
1453 3799 1516 3884 λόγῳ

382 3913 596 4001 ὑπερέχουσαν
618 3917 672 3979 καί
693 3909 959 4002 ὑπερεχομένην,>
982 3916 1045 3982 οίον
1073 3914 1224 4001 διπλασίῳ
1246 3914 1267 4001 ἡ
1289 3915 1472 4002 τριπλασίῳ,
1490 3903 1517 3985 ὑί

382 4025 411 4113 γ’
434 4025 458 4095 τ’
482 4025 535 4114 ιβ’·
559 4019 728 4113 ἁρμονικὴν
750 4028 785 4091 δέ
798 4027 855 4112 τὴν
876 4026 978 4113 ταύτῷ
1001 4026 1086 4113 μέρει
1108 4033 1168 4094 τῶν
1192 4027 1297 4113 ἄκρων
1319 4025 1518 4113 ὑπερέχουσα

383 4141 437 4203 καὶ
458 4133 701 4224 ὑπερεχομένην,
724 4139 787 4203 οίον
804 4138 895 4224 τρίτῳ
917 4137 939 4224 ἡ
961 4137 1108 4224 τετάρτῳ,
1131 4139 1195 4206 οίον
1218 4137 1243 4206 τ’
1265 4137 1295 4224 η’
1320 4137 1368 4226 ιβ’.
1392 4161 1426 4223 p.
1449 4134 1517 4214 1025

383 4250 467 4315 κατά
498 4257 606 4317 τοῦτον
634 4252 670 4315 δέ
696 4254 818 4335 πρῶτον
846 4250 909 4336 (τόν
938 4249 976 4335 τ’)
1004 4250 1135 4337 συνέστη
1164 4251 1186 4338 ἡ
1216 4248 1369 4337 άρμονικὴ
1406 4249 1518 4338 μεσότης

383 4360 558 4446 ληφθέντος
580 4359 664 4448 [μέν]
687 4359 788 4428 τοῦτ’
811 4361 961 4449 ἐπιτρίτου
983 4364 1083 4450 <μέν>
1104 4362 1201 4450 λόγου
1224 4369 1284 4429 τῶν
1309 4362 1350 4450 η’,
1374 4360 1518 4429 διπλασίου

384 4473 419 4536 δέ
441 4472 500 4538 τῷν
524 4471 576 4559 ιβ’·
601 4472 625 4540 ς’
647 4471 679 4558 η’
703 4471 757 4559 ιβ’
779 4479 822 4559 τῷ
844 4472 906 4560 γάρ
928 4466 1011 4561 αὑτῷ
1033 4475 1120 4562 μέρει
1142 4472 1159 4539 ό
1181 4473 1212 4561 η’
1235 4475 1296 4541 τῶν
1318 4474 1425 4561 ἄκρων
1448 4470 1517 4556 ὑπερ

385 4582 453 4668 έχει
480 4585 535 4647 καί
561 4579 756 4670 ὑπερέχεται,
785 4583 809 4651 τ’
837 4583 868 4671 η’
901 4586 950 4674 ιβ’,
982 4587 1120 4652 τουτέστι
1152 4587 1196 4673 τῷ
1226 4587 1333 4673 τρίτῳ.
1360 4590 1417 4653 καί
1450 4584 1518 4672 ἀριδ·

370 4694 502 4780 ,μητικὴ
527 4695 562 4758 δὲ
584 4693 717 4782 μεσότης
737 4695 913 4781 ληφθέντος
933 4705 988 4763 τοῦ
1011 4697 1036 4764 ς’
1051 4691 1195 4786 ἡμιολίου
1218 4701 1273 4786 μέν
1293 4697 1391 4786 λόγου
1413 4691 1516 4773 τῶνδ’,
