3142 5238
152 377 338 446 ¹XVI

268 564 424 629 librarius
448 566 546 629 haec:
570 562 701 648 φίλοινος
724 562 860 627 ἰουδαίου
889 561 928 627 τοὶ
950 562 1179 650 συγγράμματα
1206 561 1368 630 πάντατὰ
1391 557 1495 648 εὑρισ-

268 672 387 761 κόμενα
410 674 649 760 μετεγράφησαν
671 675 709 738 ἐκ
730 676 786 760 τῆς
808 673 1016 760 βιβλιοθήκης
1038 675 1244 760 βεσσαρίωνος
1265 674 1495 760 καρδηνάλεαις

267 785 322 849 τοῦ
343 786 403 851 τῶν
431 783 605 868 τούακλων,
634 785 763 869 ἕλληνος
785 785 819 849 τὸ
842 785 940 870 γένος.
971 787 1160 868 descriptus
1184 792 1236 852 est
1259 787 1359 869 igitur
1381 787 1495 850 codex

268 895 295 959 I
316 919 334 962 e
365 897 480 962 codice
508 900 634 962 Veneto
665 895 709 960 H.
739 897 829 961 idem
858 902 909 961 est
938 918 1036 980 quem
1063 899 1254 962 Fridericus
1288 898 1425 964 Pfeiffer
1457 898 1495 960 in

269 1010 416 1074 editione
452 1030 512 1073 sua
545 1010 722 1091 (Erlangae
754 1009 848 1093 1785)
882 1010 1055 1091 usurpavit
1089 1013 1122 1073 et
1149 1011 1261 1075 littera
1288 1011 1317 1074 A
1344 1009 1494 1086 notavit;

270 1122 329 1186 sed
362 1122 448 1185 falso
483 1101 559 1184 eum
591 1120 829 1202 bombycinum
864 1125 897 1185 et
931 1122 1064 1186 saeculo
1098 1122 1170 1185 XIV
1203 1124 1375 1186 exaratum
1414 1142 1494 1185 esse

270 1233 453 1310 contendit,
482 1251 544 1295 nec
572 1251 651 1296 vero
680 1251 798 1295 omnes
829 1232 1013 1313 scripturae
1037 1233 1281 1314 discrepantias
1312 1233 1382 1296 eius
1408 1252 1494 1296 eno-

269 1343 361 1420 tavit,
392 1343 452 1406 sed
480 1343 633 1421 selectas,
662 1361 725 1406 nec
754 1341 836 1406 satis
865 1347 1020 1408 accurate
1050 1345 1200 1408 codicem
1230 1347 1434 1420 excusserat,
1464 1343 1494 1406 si

270 1454 405 1535 quidem
427 1454 555 1536 passim
578 1453 663 1517 falsa
686 1454 727 1517 de
743 1473 782 1518 eo
806 1455 948 1518 rettulit:
970 1456 1060 1520 velut
1075 1457 1147 1534 813
1171 1457 1206 1519 in
1228 1475 1267 1520 eo
1284 1475 1353 1519 non
1367 1455 1495 1536 legitur

271 1565 421 1650 ἐναργῶς,
452 1566 511 1630 sed
539 1566 670 1650 ἐναγῶς;
698 1567 792 1643 3133
821 1586 891 1630 non
917 1563 1055 1649 φθοράν,
1086 1567 1145 1630 sed
1174 1564 1286 1650 φοράν;
1317 1568 1390 1645 37,9
1420 1587 1493 1630 non

271 1677 324 1758 οἷς,
348 1678 408 1741 sed
429 1665 481 1760 ἧς
503 1679 577 1755 493)
592 1676 798 1762 πολυοχιδῶς,
821 1698 891 1741 non
905 1677 1116 1762 πολυσχιδῶν;
1140 1675 1395 1762 54,16εὐνόμως,
1419 1698 1493 1741 non

271 1787 412 1872 εὔνομος;
446 1790 541 1867 conl
573 1789 744 1870 καλοῦντα,
785 1808 854 1853 non
887 1787 1074 1853 καλούντων.
1110 1789 1254 1871 scriptus
1293 1793 1344 1854 est
1381 1790 1492 1853 codex

272 1921 403 1965 summa
436 1920 511 1965 curu
544 1901 769 1982 neglegentia,
787 1900 960 1976 ‚librarius
999 1901 1154 1965 indoctus
1189 1901 1251 1965 fuit
1288 1905 1321 1965 et
1356 1901 1492 1982 linguae

271 2011 417 2075 Graecae
439 2031 547 2093 paene
571 2012 679 2088 rudis;
708 2012 819 2094 itaque
848 2012 884 2075 in
913 2012 1131 2076 adnotatione
1155 2013 1270 2076 critica
1292 2012 1493 2077 foedissima

269 2123 350 2188 vitia
373 2123 443 2189 eius
468 2123 601 2187 silentio
623 2124 845 2204 praetermisi.

222 2233 254 2286 K
357 2236 483 2298 codex
505 2234 721 2299 Parisinus
743 2235 818 2297 434
835 2232 909 2316 (K),
933 2234 1014 2298 olim
1029 2234 1153 2315 Regius
1170 2235 1264 2312 2250,
1282 2235 1490 2312 chartaceus,

271 2347 379 2411 forma
408 2347 584 2428 quadrata,
619 2365 705 2409 saec.
737 2346 809 2409 XVI
837 2345 973 2408 ineunte
1002 2345 1103 2409 variis
1132 2347 1287 2410 manibus
1322 2349 1490 2409 exaratus.

270 2458 386 2521 insunt
413 2456 530 2536 viginti
560 2456 685 2537 scripta
711 2456 865 2520 Philonis
889 2456 1008 2520 eodem
1037 2456 1154 2520 ordine
1178 2457 1343 2537 disposita
1365 2477 1430 2538 quo
1453 2457 1491 2519 in

272 2570 443 2635 codicibus
459 2566 522 2630 HI
523 2592 530 2644 ;
553 2568 639 2631 liber
659 2569 729 2650 περὶ
751 2565 955 2652 κοσμοποιίας
976 2567 1096 2648 legitur
1114 2567 1169 2631 fol.
1189 2569 1336 2633 11-89f.
1359 2568 1491 2632 videtur

271 2685 304 2745 et
330 2681 403 2762 ipse
431 2679 618 2760 descriptus
648 2699 724 2743 esse
755 2700 772 2743 e
802 2678 917 2743 codice
944 2679 1071 2742 Veneto
1101 2676 1143 2740 H
1160 2678 1224 2761 (vel
1254 2679 1323 2743 eius
1347 2679 1490 2760 gemello

270 2794 397 2856 Veneto
422 2791 486 2873 39).
516 2791 551 2853 in
573 2791 724 2872 margine
746 2791 875 2872 passim
899 2790 1097 2854 correctoris
1126 2810 1245 2854 manus
1270 2792 1424 2869 occurrit,
1449 2791 1490 2854 de

272 2923 337 2984 qna
364 2903 452 2966 infra
480 2902 658 2966 dicendum
688 2902 760 2966 erit.
790 2902 825 2964 in
852 2901 960 2982 prima
986 2901 1109 2983 pagina
1141 2922 1243 2966 manu
1275 2901 1490 2966 Constantini

269 3015 521 3096 Palaeocappae
545 3015 627 3077 haec
650 3014 764 3077 tabula
786 3013 973 3093 praemissa
996 3017 1062 3078 est:

359 3129 397 3207 -l-
420 3123 497 3188 τοίδε
519 3125 632 3190 ἔνεστιν
654 3125 686 3187 ἐν
707 3131 746 3208 τῇ
771 3123 867 3209 βίβλῳ
890 3124 981 3209 τῇδε·

358 3239 396 3317 -l-
421 3235 551 3320 φίλωνος
574 3235 711 3299 teodorico
733 3237 803 3318 περὶ
826 3234 954 3320 μωσὲως
975 3233 1194 3320 κοσμοποιίας.
1221 3232 1310 3319 λόγοι
1337 3233 1376 3318 ιη’
1405 3234 1490 3320 (sic).

358 3350 396 3427 l·
420 3351 474 3410 τοῦ
498 3344 591 3409 αὐτοῦ
613 3347 683 3429 περὶ
707 3345 773 3430 βίον
796 3344 923 3430 poetae
944 3342 1032 3430 λόγοι
1054 3367 1074 3429 γ

359 3461 397 3538 λ-
422 3455 563 3541 διήγηοις
586 3457 728 3542 ἱστορικῷ
750 3455 835 3541 τύπῳ
859 3457 1012 3534 διεξιοῦσα
1034 3454 1073 3520 τὰ
1094 3457 1150 3541 τῆς
1171 3456 1306 3532 παλαιᾶς
1327 3457 1460 3540 γραφῆς.

272 3588 362 3631 anno
391 3569 491 3649 igitur
517 3570 648 3647 MDLII,
678 3590 742 3651 quo
771 3569 917 3650 primurn
951 3569 1129 3632 Turnebus
1162 3569 1341 3632 Philonem
1376 3567 1490 3644 edidit,

274 3679 379 3743 codex
418 3677 456 3741 K
486 3681 520 3742 in
553 3680 759 3744 bibliotheca
792 3681 883 3760 regia
918 3680 1181 3744 Fontebladensi
1218 3681 1293 3758 fuit,
1331 3679 1491 3761 quoniam

272 3791 513 3871 Palaeocappa,
538 3791 593 3872 qui
616 3791 705 3855 hunc
729 3791 875 3854 indicem
905 3789 1040 3870 scripsit
1069 3810 1144 3854 curn
1166 3790 1201 3854 in
1224 3810 1264 3854 ea
1286 3789 1492 3853 bibliotheca

273 3902 402 3966 librarii
425 3922 547 3965 munus
572 3902 839 3979 administrabat,
869 3920 957 3965 anno
981 3901 1082 3964 MDLI
1105 3901 1242 3965 ineunte
1264 3905 1417 3965 mortuus
1441 3903 1491 3963 est
1536 3921 1539 3928 ·

273 4012 327 4096 (cl.
351 4013 388 4076 E.
411 4012 574 4093 Legrand,
598 4011 847 4093 Bibliographie
869 4012 1066 4094 Hellenique
1088 4012 1115 4075 ll
1136 4033 1168 4093 p.
1195 4013 1254 4075 lox
1278 4032 1326 4094 sq.
1351 4014 1384 4074 et
1408 4031 1490 4093 quae

273 4123 341 4187 dixi
365 4125 400 4186 in
423 4120 509 4186 libro
526 4124 582 4205 qui
598 4122 792 4186 inscribitur
814 4119 927 4185 Philol.
949 4120 1215 4205 Abhondlnnpen,
1240 4120 1368 4184 Martio
1390 4119 1492 4184 Hertz

272 4254 347 4298 aum
368 4231 552 4316 siebalqsten
576 4231 781 4314 Gebrlrtstoge
802 4233 1014 4317 dorpebrcclrt,
1037 4234 1147 4298 Berol.
1166 4235 1257 4311 1888,
1280 4254 1312 4314 p.
1333 4234 1392 4297 133
1418 4231 1489 4315 sip).

230 4351 256 4405 L
360 4347 488 4410 codex
510 4343 726 4409 Parisinus
750 4345 822 4407 433
847 4343 912 4429 (L),
936 4346 1016 4409 olim
1031 4345 1156 4426 Regius
1175 4344 1266 4422 1895,
1284 4344 1490 4420 chartaceus,

275 4459 383 4521 forma
402 4457 574 4538 quadrata,
591 4475 677 4522 saec.
693 4456 764 4520 XVI
780 4477 800 4520 a
815 4456 952 4520 Nicolao
970 4457 1142 4538 Sophiano
1160 4457 1315 4537 scriptus
1340 4455 1492 4536 suspicor

1075 3342 1083 3365 Ι

1086 3395 1092 3410 ι

275 4569 485 4651 Sophianum
507 4570 597 4633 hunc
614 4567 762 4633 codicem
787 4588 857 4631 ase
878 4568 913 4631 in
935 4567 1029 4632 ltalia
1052 4567 1212 4648 scripturn
1227 4567 1285 4630 uni
1309 4586 1350 4630 ex
1372 4565 1489 4647 legatis

274 4680 477 4754 vendidisse,
492 4700 575 4761 quos
591 4679 816 4745 Franciscnsl
832 4700 892 4744 rex
902 4680 1154 4761 Francogalliae
1168 4678 1317 4743 Venetiis
1330 4677 1489 4751 habebat;
