3092 5236
823 383 1026 489 A„

317 589 459 686 ἐμμελεῖς
479 593 582 686 νόμοις
603 605 666 677 τοῖς
687 604 838 686 μουσικῆς
858 597 977 678 τελείας
997 595 1297 685 διακεκοσμημέναις,
1325 591 1468 664 ἄλεκτον
1491 595 1527 661 έ-

315 718 448 796 παρείχε
470 709 509 797 τή
532 711 620 796 ψυχή
642 709 746 796 τέρψιν
768 731 802 776 τε
824 714 879 775 καὶ
900 703 1030 797 ήδονήν
1054 705 1075 796 ή
1104 708 1135 775 δ’
1165 710 1333 797 έστιωμένη
1370 709 1527 796 θεαμάτων

316 821 517 908 ἐπαλλήλων,
547 823 580 902 ἐξ
608 822 721 908 έτέρων
747 823 808 908 γάρ
837 821 875 908 ήν
904 825 1011 908 ἕτερα,
1041 819 1162 908 πολλήν
1189 820 1366 907 ἀπληστίαν
1400 823 1470 907 είχε
1488 821 1528 884 τοι]

314 936 462 1020 θεωρεῖν·
492 933 566 1018 εἶθ’,
595 935 646 1001 οία
674 935 770 1020 φιλεῖ,
792 933 1123 1020 προσπεριειργάζετο,
1150 932 1194 1011 τίς
1219 927 1240 1019 ή
1264 933 1324 998 τῶν
1352 930 1481 1018 ὁρατῶν
1499 931 1526 1014 δή

280 1065 294 1110 υ
314 1046 429 1112 τούτων
457 1045 547 1111 οὐσία
573 1049 629 1111 καί
655 1048 683 1112 εί
710 1039 855 1132 ἀγένητοι
882 1043 1056 1131 πεφύκασιν
1077 1045 1099 1131 ή
1122 1044 1274 1130 γενέσεως
1295 1044 1419 1132 ἐλαβον
1443 1041 1527 1128 ἀρχήν

314 1161 369 1225 καί
395 1159 439 1236 τίς
467 1151 484 1224 ὁ
511 1158 624 1244 τρόπος
650 1165 707 1244 τῆς
733 1155 886 1244 κινήσεως
915 1159 970 1222 καί
995 1157 1073 1236 τίνες
1102 1157 1135 1221 αί
1161 1156 1255 1222 αἰτίαι
1282 1149 1324 1220 δι’
1354 1155 1404 1222 ῶν
1435 1152 1526 1220 ἕκαστ’

315 1271 531 1356 οἰκονομεῖται.
556 1270 593 1334 ἐκ
608 1272 644 1335 δέ
658 1270 714 1355 τῆς
727 1269 844 1336 τούτων
865 1269 1027 1356 ζητήσεως
1041 1267 1076 1334 τό
1091 1267 1275 1354 φιλοσοφίας
1292 1268 1433 1353 συνέστη
1448 1267 1527 1353 γένος,

314 1371 351 1446 οὐ
372 1380 561 1465 τελειότερον
584 1379 708 1467 ἀγαθόν
730 1375 789 1448 οὐκ
811 1380 912 1467 ήλθεν
934 1381 976 1459 είς
997 1379 1050 1446 τόν
1071 1379 1267 1465 ἀνθρώπινον
1291 1380 1367 1466 βίον.

402 1493 457 1559 18.
501 1491 584 1579 Πρός
605 1493 646 1580 δή
668 1493 725 1579 τήν
752 1494 807 1559 τού
835 1500 947 1579 νοητοῦ
975 1491 1077 1578 φωτὸς
1104 1491 1189 1558 ἰδέαν
1218 1491 1340 1578 ἐκείνην
1363 1485 1527 1573 ἀπιδῶν,ι“,

257 1627 292 1673 ιο
312 1603 458 1670 λέλεκται
484 1603 568 1670 κατὰ
595 1605 647 1671 τὸν
675 1603 841 1691 ἀσώματον
868 1603 1004 1691 κόσμον,
1032 1602 1231 1691 ἐδημιούργει
1257 1603 1329 1681 τούς
1363 1602 1526 1689 αἰσθητούς

312 1712 460 1801 ἀστέρας,
489 1714 657 1802 ἀγάλματα
685 1717 760 1780 θεῖα
788 1718 843 1781 καί
869 1715 1156 1802 περικαλλέστατα,
1183 1715 1237 1794 οὐς
1264 1710 1371 1801 ῶσπερ
1407 1718 1442 1782 ἐν
1471 1715 1526 1799 ἱερῷ

310 1824 530 1913 καθαρωτάτῳ
552 1834 609 1912 τῆς
630 1827 810 1913 σωματικῆς
832 1825 937 1905 οὐσίας
959 1827 1045 1912 ίδρυε
1065 1833 1110 1912 τῶ
1129 1820 1261 1914 οὐρανῷ,
1277 1827 1410 1894 πολλῶν
1433 1826 1524 1914 χάριν·

311 1937 378 2016 ένός
399 1941 455 2025 μέν
476 1940 530 2003 τοῦ
552 1938 742 2024 φωσφορεῖν,
772 1939 878 2024 ἐτέρου
901 1940 936 2003 δέ
958 1939 1110 2025 σημείων,
1137 1939 1204 2004 είτα
1232 1939 1350 2024 καιρῶν
1380 1940 1448 2006 τῶν
1469 1939 1524 2021 περὶ

309 2051 365 2128 τάς
387 2051 527 2137 ἐτησίους
550 2045 645 2135 ῶρας,
674 2053 729 2115 καί
759 2051 809 2115 ἐπί
836 2057 929 2117 πᾶσιν
957 2049 1097 2137 ήμερῶν,
1118 2051 1238 2137 μηνῶν,
1262 2052 1431 2132 ἐνιαυτῶν,
1456 2049 1523 2114 ἃδέ

254 2189 290 2234 15
309 2165 364 2228 καί
392 2163 489 2251 μέτρα
511 2161 626 2249 χρόνου
647 2161 758 2249 γέγονε
780 2165 836 2228 καί
856 2162 913 2248 τήν
935 2161 1072 2250 ἀριθμοῦ
1094 2161 1182 2249 φύσιν
1205 2161 1385 2248 ἐγέννησεν.
1412 2165 1482 2228 οίαν
1500 2159 1523 2225 δ’

310 2277 443 2342 ἕκαστον
470 2274 643 2362 παρέχεται
669 2277 730 2341 τῶν
756 2276 925 2362 εἰρημένων
956 2275 1066 2362 χρείαν
1093 2297 1128 2340 τε
1155 2277 1210 2339 καὶ
1238 2268 1411 2360 ῶφέλειαν,
1443 2275 1524 2359 δῆλον

311 2389 365 2472 μέν
388 2387 425 2451 ἐκ
446 2388 502 2472 τής
529 2387 693 2472 ἐνεργείας,
722 2385 799 2472 πρὸς
821 2386 852 2452 δ’
876 2385 1100 2474 ἀκριβεστέραν
1128 2385 1305 2473 κατάληψιν
1333 2385 1397 2451 οὐκ
1422 2387 1524 2453 ἄτοπον

309 2499 381 2575 ίσως
403 2501 458 2562 καί
478 2497 563 2585 λόγῳ
585 2497 725 2584 τάληθές
748 2499 970 2585 ίχνηλατήσαι.
993 2499 1048 2564 τοῦ
1070 2497 1111 2584 δή
1127 2497 1303 2584 σύμπαντος
1324 2498 1449 2584 χρόνου
1471 2500 1523 2562 δαι-

308 2609 499 2695 νεμηθέντος
521 2611 563 2687 είς
584 2608 640 2675 δύο
662 2609 819 2697 τμήματα,
842 2603 963 2697 ἡμέραν
984 2632 1018 2676 τε
1040 2613 1096 2675 καί
1116 2611 1222 2693 νύκτα,
1250 2613 1306 2698 τής
1333 2614 1393 2698 μέν
1417 2611 1523 2699 ἡμέρας

252 2739 288 2787 20
308 2719 343 2786 τό
364 2721 480 2806 κρότος
501 2715 519 2786 ὁ
541 2721 645 2807 πατήρ
669 2720 810 2788 ἀνεδίδου
832 2716 911 2808 ήλίιμ
928 2723 979 2787 οία
994 2721 1121 2809 μεγάλιμ
1138 2723 1267 2810 βασιλεῖ,
1290 2728 1347 2809 τής
1370 2725 1411 2789 δὲ
1427 2721 1523 2799 νυκτός

308 2832 425 2920 σελήνη
448 2835 566 2920 καὶτῷ
589 2834 709 2924 πλήθει
729 2834 789 2900 τῶν
812 2834 916 2901 ἀλλων
937 2827 1085 2920 ἀστέρων.
1113 2834 1149 2901 τό
1172 2837 1208 2900 δέ
1230 2835 1368 2922 μέγεθος
1391 2837 1452 2921 τῆς
1466 2836 1524 2918 περὶ

306 2944 359 3011 τόν
391 2944 479 3032 ήλιον
522 2945 682 3032 δυνάμεως
719 2951 775 3012 καὶ
813 2944 916 3034 ἀρχῆς
954 2947 1189 3034 ἐμφανεστάτην
1226 2947 1324 3013 πίστιν
1365 2949 1440 3034 έχει
1480 2947 1523 3030 τήν

306 3055 479 3143 λεχθεῖσαν
506 3055 586 3143 η’δη·
616 3059 659 3135 είς
685 3057 747 3143 γὰρ
776 3055 818 3124 ῶν
847 3061 902 3122 καί
925 3057 1016 3144 μόνος
1044 3059 1106 3146 ίδίφι
1132 3061 1188 3123 καί
1214 3057 1296 3124 καθ’
1320 3053 1421 3126 αὐτόν
1442 3059 1522 3145 ήμισι

172 3203 198 3254 p.
209 3187 242 3239 13
254 3186 288 3241 M,
306 3172 415 3254 τμῆμα
437 3169 491 3234 τοῦ
513 3168 688 3254 σύμπαντος
709 3167 825 3256 χρόνου
850 3169 853 3256 ί
880 3168 1080 3256 κεκλήρωται
1101 3170 1158 3256 τήν
1180 3163 1309 3257 ήμέραν,
1333 3171 1364 3235 of
1385 3170 1422 3236 δ’
1448 3171 1522 3235 ἄλλοι

396 3315 409 3366 1
429 3322 499 3378 τοῖς
518 3313 579 3369 VM
588 3335 594 3368 :
616 3314 665 3382 τῆς
681 3313 759 3369 veteri
841 3314 960 3382 ἄληκτον
978 3313 1042 3371 Ma
1129 3318 1312 3382 έμποιρεῒχε
1329 3317 1452 3386 scripsi:
1470 3334 1521 3382 παρ-

306 3407 377 3467 εῖχεν
392 3399 422 3466 V,
441 3404 586 3468 ἐμπαρέχει
604 3399 681 3455 ceteri
738 3396 839 3470 δεῖθ’]
859 3406 916 3454 είτοι
934 3419 958 3457 a
1018 3401 1323 3470 προσπεριηργάζετοῑί
1379 3405 1418 3473 δή
1440 3419 1520 3459 ομιτ

340 3485 403 3556 bei]
424 3493 448 3540 οἱ
463 3486 515 3540 01)
567 3487 703 3554 έλαβενύῚ
752 3490 809 3542 6αί
822 3505 876 3541 om.
895 3487 944 3544 Vb
998 3488 1169 3557 Ἰζητήσεως
1184 3486 1520 3560 ῨΜΕαισυζητήσεωςύ

340 3571 515 3643 9δή]δέΒΙ)
560 3569 762 3629 Summum]
801 3572 1144 3643 ἣ]ήΜΑΒοοί.ρ.10,17
1189 3575 1416 3641 11οὐςυιιι.Μα
1461 3576 1521 3643 ἱερῷ

304 3659 532 3728 καθαρωτάτῳ
550 3658 652 3717 VMa:
665 3661 729 3729 ίερῷ
746 3661 783 3729 τῷ
800 3662 989 3729 καθαρωτάτῳ
1008 3667 1028 3718 b
1101 3664 1133 3715 12
1154 3659 1254 3732 οὐσίας]
1275 3667 1347 3727 ἰδέας
1366 3663 1418 3717 15¹²
1481 3667 1520 3716 τῶν

304 3834 382 3900 χάριν
400 3838 480 3887 ἕνεκα
498 3838 673 3902 δημιουργιῶν
692 3851 715 3891 a
788 3837 819 3888 13
839 3839 895 3887 εἶτα
913 3839 961 3887 καί
977 3835 1121 3903 καιρῶνῑί
1189 3836 1223 3889 14
1241 3839 1347 3904 ἐτησίας
1367 3835 1442 3904 ΜΕ,
1461 3842 1519 3902 αἰτη-

304 3918 413 3984 σίουςΒ
464 3919 577 3990 ήμερῶν,
589 3924 676 3989 μηνῶν
687 3920 784 3976 17Μῠι
802 3919 917 3990 ήμερῶν,
929 3924 1037 3987 νυκτῶν,
1051 3923 1139 3991 μηνῶν
1151 3940 1175 3978 a
1229 3924 1262 3976 15
1281 3927 1386 3990 μέτρα
1405 3926 1518 3992 χρόνου

303 4011 420 4074 γέγονε
438 4002 923 4076 ῩΜΕαεμέτραγέγονεχρόνου-ί)
983 4009 1050 4078 οἵαν]
1064 4008 1271 4076 τίναύῌνοια
1334 4010 1367 4064 16
1386 4014 1519 4065 ἕκαστον

303 4095 490 4160 παρέχεται
512 4092 577 4157 VM,
601 4097 715 4147 ἕκαστον
737 4098 888 4163 παρέχηται
911 4112 954 4150 a:
980 4099 1127 4163 παρέχεται
1150 4100 1215 4164 post
1239 4099 1384 4164 εἰρημένων
1406 4098 1447 4162 F,
1469 4103 1517 4166 post

303 4173 474 4245 ῶιρέλειανῶ
538 4182 568 4233 17
588 4184 634 4248 μέν
653 4197 707 4235 om.
725 4179 752 4235 V
814 4182 846 4234 19
864 4179 968 4248 ἡμέρας
985 4199 1015 4234 τε
1032 4186 1080 4234 καί
1096 4182 1192 4246 νυκτός
1209 4180 1240 4234 1ὐ
1306 4183 1341 4236 10
1359 4179 1520 4238 ένεδίδουΜ

337 4263 403 4333 ήλίιμ
419 4265 521 4322 VMb:
540 4265 692 4334 τῶήλίιρα
759 4267 791 4320 11
811 4267 908 4336 σελήνη
927 4267 1020 4324 τοιάδε
1039 4269 1072 4336 τή
1092 4269 1189 4338 σελήνη
1207 4269 1297 4337 Mang.
1365 4271 1517 4325 τῶνᾶλλων

303 4346 422 4419 ἀστέρων
445 4358 486 4408 b:
509 4353 560 4406 τῶν
585 4353 675 4406 ἀλλων
699 4353 797 4422 om.V,
825 4354 915 4408 ἀλλων
939 4373 992 4410 om.
1015 4355 1079 4412 Ma
1154 4357 1188 4409 22
1212 4356 1349 4423 δυνάμεως
1364 4356 1413 4413 Vb
1429 4378 1436 4412 ι
1455 4355 1517 4410 δυνά·

304 4432 374 4504 μεῶς
392 4456 421 4490 τε
439 4436 501 4494 Ma
554 4440 588 4493 23
605 4435 668 4492 κατ’
690 4437 770 4493 αὐτόν
788 4439 825 4493 Μ
874 4442 909 4495 11
924 4443 1021 4510 χρόνου
1045 4442 1109 4498 Vb:
1128 4443 1225 4509 χρόνου
1245 4447 1292 4496 καί
1309 4443 1414 4512 κόσμου
1437 4440 1514 4498 MAG,

302 4522 405 4590 κόσμου
423 4528 471 4576 καί
487 4525 585 4592 χρόνου
604 4524 663 4580 BD

389 4647 405 4697 7
433 4646 516 4698 Plat.
540 4647 609 4700 Tim.
628 4648 685 4702 17υ
712 4651 801 4712 ...ἐξ
822 4649 858 4703 ῶν
881 4650 1065 4719 ἐπορισάμεθα
1089 4655 1247 4719 φιλοσοφίας
1268 4656 1354 4721 γένος,
1383 4651 1415 4704 οὐ
1441 4655 1515 4720 μεῖζον
1541 4653 1542 4724 γ

303 4725 409 4800 ἀγαθόν
427 4727 483 4784 οὐτ’
498 4733 582 4800 ήλθεν
600 4731 658 4788 οὐθ’
672 4735 730 4805 ήξει
747 4740 813 4788 ποτέ
831 4738 867 4805 τῷ
885 4741 974 4807 θνητῷ
992 4742 1062 4806 γένει
1080 4743 1202 4807 δωρηθέν
1220 4743 1252 4793 ἐκ
1270 4738 1348 4793 θεῶν.
