3142 5238
280 277 382 340 XXlV

281 465 467 531 derivatum
483 488 557 533 esse
574 472 716 533 constat.
760 469 935 533 Ioannes
952 469 1244 548 Damascenus‚
1264 471 1319 553 qui
1334 472 1499 553 permulta

279 578 1499 666 PhiloneainSacraParallelasuarecepit‚paucadescripsitexopusculo

281 691 321 754 de
338 692 469 772 opificio
492 693 618 756 mundi.
662 693 799 775 Mangey
815 691 849 755 in
870 693 1077 757 adornandis
1100 694 1295 774 fragmentis
1310 695 1501 758 Philonisa

279 803 404 868 Ioanne
418 804 628 869 Damasceno
651 804 783 869 traditis
800 805 915 868 codice
931 805 1110 869 societatis
1126 805 1201 869 lesu
1217 806 1501 870 Glaromontanae

279 934 360 978 usus
385 918 450 980 est:
480 917 569 980 hunc
593 916 736 980 eundem
759 915 863 980 fuisse
887 916 1040 997 suspicor
1064 935 1139 980 cum
1162 917 1276 980 codice
1298 917 1502 999 Rupefucal-

213 1043 215 1050 ’
280 1025 369 1105 dino,
386 1045 485 1110 quem
501 1027 653 1092 adhibuit
663 1028 803 1091 Michael
818 1027 965 1110 Lequien
981 1027 1016 1090 in
1033 1028 1180 1092 curanda
1196 1028 1343 1092 editione
1361 1048 1501 1110 operum

279 1137 414 1202 loannis
436 1139 635 1203 Damasceni
658 1138 775 1222 (Paris,
801 1138 910 1221 171β);
934 1159 1013 1203 nam
1036 1139 1064 1202 is
1088 1139 1150 1203 fuit
1174 1140 1279 1204 codex
1301 1140 1500 1204 Claromon·

278 1253 378 1312 tanus
393 1250 463 1326 150,
476 1250 532 1332 qui
543 1254 662 1331 postea
672 1249 965 1315 Meermannianus
978 1252 1028 1328 94,
1040 1255 1111 1315 tum
1123 1251 1390 1332 Phillippsianus
1407 1251 1502 1314 Chel-

278 1360 511 1424 tenhamensis
541 1362 623 1425 1450
651 1361 722 1441 fuit,
752 1383 858 1443 nuper
886 1362 921 1425 in
949 1362 1189 1426 bibliothecam
1218 1364 1343 1445 regiam
1372 1362 1503 1428 Beroli·

280 1491 421 1536 nensem
443 1473 708 1554 transmigravit.
739 1473 811 1554 ipse
840 1473 980 1537 Parisiis
1004 1474 1130 1538 contuli
1159 1474 1294 1556 loannis
1317 1471 1502 1554 Presbyteri

279 1585 309 1644 et
335 1580 481 1646 monachi
515 1583 664 1648 codicem
700 1584 1011 1649 Goislinianum
1040 1586 1115 1649 276
1144 1584 1296 1668 (membr.
1331 1606 1424 1650 saec.
1453 1585 1500 1667 X),

279 1693 314 1756 in
338 1714 403 1776 quo
427 1700 584 1777 excerpta
607 1716 624 1759 e
647 1696 733 1760 libro
757 1696 798 1760 de
815 1697 946 1777 opificio
967 1696 1083 1760 mundi
1105 1697 1189 1760 haec
1205 1698 1376 1778 leguntur:
1401 1698 1502 1760 verba

278 1803 321 1880 τίς
345 1803 381 1868 άν
405 1807 453 1890 εἴη
479 1843 516 1854 -
540 1809 595 1870 καὶ
615 1807 760 1891 χωρῆσαι
787 1805 809 1891 ἢ
833 1803 849 1870 ό
872 1807 958 1882 θεῖος
979 1805 1073 1891 λόγος
1096 1806 1140 1890 (ρ.
1164 1807 1319 1890 6,3-5);
1347 1811 1458 1872 verba
1478 1808 1503 1869 εἴ

278 1937 322 1991 τις
350 1915 456 1980 ἐθέλοι
488 1917 684 2003 γυμνοτέροις
713 1955 753 1966 -
783 1910 841 1981 oda
876 1915 949 2003 ἐμόν
983 1917 1175 2002 (7,6-10);
1209 1916 1244 1981 τό
1278 1916 1417 2001 άόρατον
1452 1918 1500 1980 καὶ

279 2028 388 2112 νοητὸν
415 2030 480 2112 φῶς
502 2068 545 2076 -
571 2032 625 2094 καὶ
652 2030 800 2112 καθαράς
828 2027 928 2114 αὐγῆς
957 2027 1185 2115 μεταλαμβάνει
1215 2031 1414 2114 (9,5-11);
1445 2027 1499 2112 οὐχ

280 2137 320 2215 ώς
341 2139 480 2225 πέφυκεν
502 2179 544 2186 -
565 2138 601 2204 τό
624 2140 760 2226 μέγεθος
783 2137 883 2205 αὐτῶν
907 2140 1060 2226 (rx-5).
1105 2142 1250 2206 Ioannes
1269 2143 1497 2207 Damascenus

278 2251 473 2334 plerumque
498 2272 572 2316 cum
588 2253 734 2317 Eusebio
759 2255 791 2316 et
814 2252 929 2317 codice
948 2249 978 2313 V
995 2252 1158 2334 congruit,
1183 2253 1242 2316 sed
1265 2259 1498 2336 excerptorum

279 2383 373 2426 more
396 2383 496 2445 saepe
519 2364 672 2428 Philonis
694 2365 796 2427 verba
819 2364 968 2428 mutavit.

364 2476 517 2540 Philonis
552 2480 782 2559 excerptorem
810 2481 842 2540 et
871 2476 1125 2557 compilatorem
1153 2496 1260 2558 nuper
1290 2474 1496 2558 deprehendi

279 2587 473 2650 Ioannem
495 2588 758 2652 Laurentium
779 2587 943 2670 Lydum.
972 2587 1007 2650 in
1029 2587 1128 2651 huius
1153 2587 1242 2652 enim
1264 2588 1351 2652 libro
1376 2590 1436 2670 qui
1460 2588 1495 2650 de

280 2698 452 2763 mensibus
476 2699 615 2764 inscribi
645 2702 731 2764 solet
760 2700 865 2763 multa
893 2719 978 2781 quae
1001 2698 1043 2761 de
1066 2698 1278 2781 quaternario
1302 2719 1445 2762 numero
1468 2700 1495 2760 et

281 2809 322 2872 de
356 2811 546 2891 septenario
582 2814 795 2893 exponuntur
828 2830 845 2874 e
882 2810 1035 2873 Philonis
1070 2810 1156 2874 libro
1190 2810 1261 2892 περὶ
1297 2807 1498 2895 κοσμοποιίας

280 2925 416 2986 auctore
439 2942 507 2986 non
524 2923 698 2987 nominato
716 2922 896 3003 compilata
919 2924 1012 2986 sunt.
1037 2922 1127 3004 quod
1143 2924 1268 3004 quanta
1291 2918 1497 3003 neglegentia

280 3034 423 3098 loannes
458 3035 573 3098 fecerit
607 3054 672 3116 quo
707 3033 826 3097 melius
856 3035 1093 3114 cognoscatur,
1122 3035 1226 3097 verba
1254 3033 1325 3096 eius
1360 3029 1497 3115 apposui

280 3145 363 3209 locis
397 3145 550 3208 Philonis
589 3165 629 3208 ex
667 3145 785 3226 quibus
825 3144 956 3224 singula
993 3144 1138 3208 delibata
1176 3148 1254 3208 sunt
1293 3143 1495 3226 significatis.

278 3255 372 3336 prior
394 3256 487 3319 locus
512 3255 566 3338 (de
589 3275 730 3319 numero
754 3253 981 3338 quaternario)
1005 3254 1124 3335 legitur
1148 3255 1188 3318 de
1211 3275 1318 3319 mens.
1341 3255 1372 3318 II
1395 3253 1498 3337 cap8

280 3366 324 3448 (p.
349 3367 391 3430 64
412 3367 588 3450 Roether):

128 3482 210 3534 Philo
365 3480 435 3562 περὶ
458 3479 492 3541 δέ
514 3479 568 3542 τοῦ
590 3476 661 3542 κατ’
683 3471 817 3563 ἀριθμὸν
840 3475 1011 3562 ἀξιώματος
1034 3470 1050 3540 ό
1072 3475 1217 3560 τέταρτος
1239 3469 1373 3562 ἀριθμός
1394 3473 1497 3561 τετρά-

79 3551 263 3620 plait-16
365 3587 464 3673 γωνός
487 3590 564 3653 ἐστι·
595 3588 686 3674 μόνος
712 3590 774 3673 γάρ
803 3588 902 3665 ἰσάκις
924 3591 988 3665 ἴσος
1012 3585 1158 3673 ἰσομερήζ
1181 3588 1218 3650 ἐκ
1239 3589 1300 3652 τῶν
1322 3586 1424 3653 αὐτῶν
1449 3587 1497 3651 καὶ

367 3699 510 3764 συνθέσει
537 3703 591 3763 καὶ
618 3697 744 3785 δυνάμει
772 3700 893 3784 πέφυκε
920 3700 1106 3786 γεννᾶσθαι·
1135 3699 1279 3765 σύνθεσιν
1307 3702 1361 3786 μέν
1390 3699 1445 3765 οὖν
1467 3700 1498 3762 ἐκ

367 3812 449 3876 δυεῖν
476 3814 531 3875 καὶ
560 3813 657 3895 δυεῖν,
686 3811 811 3898 δύναμιν
840 3813 875 3875 δέ
903 3813 940 3875 έκ
966 3812 1020 3875 τοῦ
1044 3809 1167 3893 δισδόο,
1189 3809 1356 3896 πάγκαλόν
1377 3833 1405 3874 τι
1429 3833 1498 3896 σομ-

367 3923 481 4006 portae
504 3924 585 3999 εἶδος
609 3923 862 4009 ἐπιδεικνύμενος,
886 3920 902 3986 ὃ
927 3923 1034 4009 μηδενὶ
1056 3928 1115 3986 τῶν
1139 3920 1242 3987 ἄλλων
1264 3915 1407 4007 ἀριθμῶν
1430 3944 1498 4007 συμ-

368 4034 511 4120 βέβηκεν.
540 4073 581 4080 -
610 4033 686 4099 ὅθεν
713 4037 768 4099 καὶ
796 4027 1079 4120 άποτελεσματικὸς
1107 4032 1262 4096 καλεῖται·
1291 4033 1319 4096 εἰ
1351 4033 1412 4118 γάρ
1442 4028 1497 4097 άπὸ

368 4145 500 4231 μονάδος
523 4147 614 4233 μέχρι
636 4145 783 4231 τετράδος
805 4146 876 4231 ἑξῆς
899 4145 1074 4212 συντεθεῖεν
1089 4137 1228 4229 άριθμοέ,
1246 4143 1367 4208 δεκάδα
1390 4140 1497 4210 ἀποτε-

366 4257 480 4324 λοῦσιν.

282 4371 367 4434 alter
389 4370 483 4434 loc-us
508 4373 556 4434 est
580 4370 620 4432 de
644 4389 750 4433 mens.
774 4370 801 4433 ll
824 4389 895 4451 cap.
922 4369 956 4435 11
984 4366 1028 4451 (p.
1053 4369 1093 4431 72
1117 4387 1188 4449 sqq.
1213 4368 1389 4451 Roetherl:

62 4490 265 4558 p.36‚1o-37,o
369 4481 401 4542 ol
424 4502 461 4565 γε
490 4480 550 4565 μὴν
583 4478 796 4564 Πυθαγόρειοι
823 4480 865 4564 τῷ
893 4471 1023 4564 ἡγεμόνι
1050 4483 1105 4541 τοῦ
1140 4477 1253 4554 παντὸς
1281 4477 1337 4562 τήν
1365 4474 1496 4563 ἑβδόμην

369 4589 574 4657 ἀνατίθενται.
721 4589 825 4676 ὀρθῶς
858 4589 910 4656 οὖν
945 4583 1088 4675 άμήτορα
1121 4587 1173 4655 τὸν
1207 4589 1285 4653 ἑπτὰ
1318 4584 1451 4675 ἀριθμὸν
1483 4580 1496 4650 ό
