3142 5238
1118 351 1269 416 XXXVII

125 537 203 629 58‚4
230 533 457 622 transmittere
489 556 553 618 pro
587 528 781 621 ἀπεμάττετο
816 544 906 604 recte
941 541 1085 606 coniecit
1112 542 1269 624 Mangey3

10 647 99 711 sed
125 648 217 730 quod
239 648 329 712 idem
350 648 450 729 paulo
473 652 553 729 post
576 646 675 731 (58,7)
705 649 807 714 tacite
831 649 967 731 scripsit
989 649 1168 736 ἑνησμένιοε
1190 652 1267 716 har-

9 759 160 822 barum
184 763 246 824 est.

125 870 202 947 614
217 868 252 931 αἳ
263 869 483 935 inserendum
499 889 574 942 esse
591 869 736 935 coniecit
752 869 896 936 Creuzcr
912 869 1081 955 (Denteclrc
1104 869 1268 952 Schriften

12 981 73 1044 ΠΙ
100 981 122 1044 ἀ
145 1001 179 1062 p.
201 979 289 1062 443).

125 1091 201 1169 615
225 1087 478 1174 ἀναρρίπίζουσαι
488 1110 551 1171 pro
564 1087 807 1174 ἀναρριπτοῦσαι
819 1091 946 1174 (tacite)
959 1091 1104 1156 correxit
1118 1092 1267 1174 Mangey.

125 1202 198 1279 63,1
224 1193 278 1276 ούς
298 1220 360 1282 pro
384 1198 421 1264 οὗ
444 1201 591 1266 correxit
614 1201 804 1266 Turnebus.

123 1313 202 1390 64,4
222 1311 389 1396 χαίρουσαι
410 1331 473 1392 pro
495 1311 652 1395 χαίρουσα
675 1313 891 1378 scribendum
908 1331 984 1377 esse
1006 1312 1138 1378 monuit
1159 1313 1268 1377 Mark-

14 1423 118 1488 land
143 1421 194 1506 (in
216 1423 306 1488 notis
330 1443 430 1488 mser.
454 1424 498 1488 ad
522 1423 704 1488 editionem
727 1424 984 1507 Mangeianam).

122 1533 221 1611 66,17
243 1532 489 1598 κακοπολιτειῶν
503 1554 565 1616 pro
580 1531 801 1598 cornoclaria
816 1534 963 1599 correxit
984 1534 1139 1617 Mangey.
1164 1534 1205 1599 cf.
1222 1535 1264 1600 de

16 1645 139 1726 agric.
164 1645 177 1707 Ι
200 1645 262 1710 307
286 1645 356 1727 (ubi
378 1644 625 1710 κακοπολιτειῶν
649 1644 706 1729 Μ)
730 1651 763 1711 et
786 1646 827 1710 de
849 1646 973 1727 poenit.
997 1647 1025 1710 Π
1045 1646 1118 1710 406.

122 1757 203 1837 Ipse
226 1756 427 1838 scripturam
449 1757 545 1820 libris
569 1757 729 1821 traditam
752 1756 794 1820 de
816 1777 891 1821 meo
915 1757 1040 1822 mutavi
1062 1756 1116 1820 his
1139 1755 1239 1821 loeis:

124 1864 253 1950 7‚15j16
268 1867 370 1930 verba
384 1864 420 1930 τό
435 1865 648 1952 παράδειγμα,
665 1864 841 1950 ἀρχὲτυπος
861 1865 928 1931 ἰδέα
947 1872 1008 1932 τῶν
1023 1865 1122 1949 ἰδεῶν,
1146 1867 1266 1948 quibus

19 1977 225 2057 tautologia
248 1977 470 2042 intolerabilis
500 1979 642 2043 efficitur
665 1981 699 2042 et
726 1996 916 2059 pronomen
939 1972 1031 2052 αύτός
1059 1997 1081 2041 a
1109 1979 1267 2042 substan·

19 2089 103 2151 tivo
136 2083 155 2149 ὁ
182 2085 262 2149 θεοῦ
296 2085 389 2172 λόγος
422 2089 511 2153 male
541 2089 746 2168 secernitur,
779 2092 816 2153 ut
849 2088 1051 2170 interpolata
1082 2089 1180 2152 uncis
1215 2088 1266 2151 in·

22 2198 138 2262 clusi.
163 2198 273 2280 primo
301 2198 472 2280 adscripta
498 2199 632 2264 fuerunt
655 2199 690 2263 in
717 2199 868 2280 margine
890 2199 934 2262 ad
949 2198 1148 2263 illustranda
1162 2198 1266 2264 verba

20 2307 46 2391 η
77 2306 263 2392 ἀρχέτυπος
286 2307 427 2392 σφραγίς,
450 2312 521 2373 tum
541 2309 577 2373 in
600 2315 795 2376 contextum
817 2311 1036 2392 irrepserunt,
1061 2311 1121 2374 sed
1143 2310 1266 2376 salsum

21 2421 152 2484 locum
175 2419 403 2484 obtinuerunt.

126 2528 396 2614 18,1εμπαρεῖγε
423 2530 570 2595 restitui:
599 2531 772 2611 legebatur
801 2529 983 2615 ἑμπαρέχει,
1014 2532 1074 2597 sed
1104 2531 1211 2597 codex
1241 2528 1271 2593 V

22 2640 144 2704 tradit
166 2646 317 2722 παρεῖχεν
333 2644 366 2704 et
382 2643 568 2721 sequuntur
591 2640 787 2722 imperfecta
802 2640 870 2723 εἶχε
893 2644 926 2705 et
940 2639 1264 2726 προσπεριειργάζετο.

124 2747 228 2832 tense
262 2741 475 2834 ἀποκρύψεσιν
502 2770 566 2832 pro
597 2749 796 2835 ἐπικρύψεσιν
829 2750 1066 2833 (praecedente
1095 2749 1262 2833 ἐπιτολαῖς)

23 2859 180 2936 correxi,
205 2860 292 2924 sicut
312 2861 474 2925 traditum
497 2865 550 2925 est
571 2862 647 2925 loco
672 2862 841 2926 simillimo
859 2863 965 2941 lam.
1011 2863 1051 2927 cf.
1069 2862 1186 2945 Chrys.
1209 2883 1262 2945 ap.

22 2971 131 3038 Stob.
149 2970 218 3034 Eoi.
242 2971 255 3033 Ι
276 2971 350 3045 ild
374 2971 572 3055 (Wachsm.)
595 2969 687 3048 κυνὸς
709 2970 885 3056 ἀπόκρυψιν
907 2966 967 3036 ὑπὸ
989 2976 1059 3057 γῆν.
1081 2974 1155 3037 Aet.
1171 2973 1261 3037 Plac.

21 3084 52 3146 Π
71 3080 446 3162 29‚6(Diels‚1)0x0gr.
469 3102 500 3163 p.
523 3082 598 3165 360)
621 3080 676 3157 τὰς
698 3082 856 3167 μηνιαίους
879 3079 1069 3166 ἀποκρύψεις
1092 3080 1261 3166 (σελήνης).

22 3193 116 3258 item
142 3187 401 3274 &conprimendos
424 3191 546 3256 dicitur
568 3193 610 3256 de
633 3194 705 3257 sole
729 3198 762 3259 et
785 3193 891 3258 stellis
920 3193 1160 3272 deficientibus,
1189 3213 1259 3258 non

23 3298 300 3384 ἐπικρύπτεσθαιτ
324 3302 365 3366 of.
380 3303 506 3367 Archil.
523 3303 584 3384 frg.
602 3304 673 3381 ina
690 3302 824 3386 (Bergk)
848 3301 1035 3386 ἀποκρύψας
1056 3301 1136 3386 φάος
1156 3300 1258 3387 ήλίου.

21 3415 106 3478 Aet.
131 3412 223 3476 Plac.
246 3413 274 3476 Π
295 3413 370 3491 aad
398 3412 513 3496 (Diels,
535 3415 683 3494 Doxogr.
705 3433 737 3495 p.
761 3413 838 3496 358)
866 3411 901 3477 τὸ
924 3414 960 3476 δὲ
982 3409 1258 3498 ἀποκρυπτόμενον

22 3523 104 3605 περὶ
128 3518 225 3604 αύτην
247 3520 417 3607 (σελήνην).
461 3523 557 3605 Diog.
584 3526 639 3588 La
663 3525 719 3587 Vll
748 3525 809 3589 146
838 3521 982 3608 (σελήνη)
1012 3521 1257 3607 ἀποκρύπτουσα

24 3629 129 3696 αὐτόν
152 3628 277 3714 (ἥλιον).

120 3743 195 3820 213
218 3741 395 3808 articulum
416 3736 438 3827 ἡ
462 3748 540 3809 ante
564 3740 670 3827 ὅρασις
692 3745 800 3809 delevi
824 3745 1063 3810 concinnitatis
1088 3765 1198 3810 causa.

120 3853 216 3930 28,13
240 3852 273 3917 ἐν
294 3853 342 3929 αἶς
364 3846 500 3931 άπάσαις
522 3875 541 3920 e
564 3855 730 3936 scriptura
753 3855 907 3920 codicum
927 3853 999 3918 VM
1013 3855 1046 3920 ἐν
1068 3855 1116 3932 αἶς
1132 3854 1257 3922 ἅπασαν

25 3963 182 4030 restitui:
205 3964 378 4046 legebatur
401 3964 433 4030 ἐν
454 3965 499 4040 οῖς
521 3959 627 4029 ἅπασι.

120 4074 215 4151 tum
238 4074 316 4138 libri
338 4094 441 4140 mann
464 4076 580 4158 scripti
603 4077 687 4141 haec
701 4077 853 4142 tradunt:
877 4073 932 4160 ἀφ’
955 4073 994 4158 ἧς
1016 4075 1046 4139 οἱ
1067 4074 1145 4160 μετὰ
1166 4067 1254 4138 ταῦτ’

26 4183 198 4267 ἄνθρωποι
211 4183 406 4269 γραψάμενοι
427 4193 494 4262 ταῖς
515 4185 634 4250 ἑαυτῶν
656 4187 772 4270 ψυχαῖς
792 4185 847 4262 τάς
870 4183 991 4262 εἰκόνας
1006 4177 1257 4270 ἀναγκαιοτάτην

26 4297 88 4362 καὶ
111 4291 354 4379 ὠφελιμωτάτην
375 4295 490 4380 τέχνην
510 4297 554 4380 τῷ
579 4295 634 4382 βίῳ
657 4296 845 4380 παρέδοσαν.
889 4298 1028 4379 Mangey
1050 4317 1092 4360 cx
1122 4297 1256 4362 coniec-

26 4415 109 4474 tura
129 4404 339 4488 (Marklandi)
363 4407 457 4470 dedit
479 4406 722 4493 ἐγγραψάμενοι,
745 4408 836 4491 quod
857 4410 1047 4490 probarem,
1071 4407 1138 4472 nisi
1160 4414 1256 4475 ante·

28 4518 171 4584 cederet
191 4513 243 4598 ἀφ’
266 4515 314 4602 ῆς,
338 4518 391 4583 cui
414 4519 525 4600 aptius
547 4519 680 4584 videtur
702 4539 778 4583 esse
800 4515 1010 4604 γραψάμενοι;
1035 4518 1075 4582 cf.
1098 4519 1195 4598 53,19
1217 4519 1257 4584 τά

30 4627 63 4695 δ’
91 4620 155 4691 ἀπὸ
177 4628 237 4692 τῶν
259 4628 443 4713 μιμημάτων
464 4629 663 4715 γραφόμενα.
686 4631 798 4714 itaque
821 4630 853 4694 ἐν
866 4630 986 4694 vocula
1007 4628 1122 4695 addita
1137 4633 1257 4714 scripsi
