3142 5238
1187 376 1291 441 XXIX

59 567 143 630 vide
172 565 276 630 infra.
307 565 368 629 sed
396 583 457 647 per
485 565 649 629 ducentos
684 564 753 629 lere
787 565 843 647 qui
876 563 1029 647 proxime
1065 566 1292 648 sequebantur

60 697 177 742 annos
208 697 263 741 ars
293 677 409 740 critica
438 675 473 739 in
501 676 654 740 Philonis
687 676 821 758 scriptis
848 676 1033 740 factitanda
1060 679 1193 742 tantum
1221 697 1291 742 non

61 790 223 870 neglecta
257 789 402 853 iacebat.
443 807 522 851 nam
554 791 735 869 postquam
768 787 1059 869 Sigismundus
1094 788 1291 852 Gelenius

60 901 222 964 Philonis
246 899 371 981 scripta
393 899 508 963 omnia
531 919 615 981 quae
639 899 674 963 in
697 899 847 963 Turnebi
878 899 1025 963 editione
1048 903 1165 964 extant
1187 901 1291 964 latine

62 1011 214 1076 reddidit
237 1010 403 1094 (Basileae
428 1011 533 1094 1551),
564 1014 597 1075 11
625 1011 702 1074 libri
729 1011 883 1076 Philonis
912 1015 981 1075 tres
1005 1011 1119 1093 quiin
1143 1011 1290 1076 editione

61 1124 220 1205 principe
243 1122 487 1199 desiderantur,
517 1119 619 1205 lepram
647 1120 869 1204 adaperiaram
896 1124 982 1188 liber
1005 1123 1182 1202 secundus,
1205 1123 1291 1187 liber

63 1234 101 1297 de
129 1231 308 1296 mutatione
335 1231 513 1311 nominum,
542 1232 580 1296 de
606 1229 739 1296 somniis
766 1235 853 1298 liber
883 1235 1061 1313 secundus
1091 1255 1110 1298 a
1136 1235 1290 1299 Davide

63 1345 318 1410 Hoeschelio
343 1365 361 1409 e
385 1345 499 1409 codice
522 1347 717 1426 Augustano
742 1346 821 1409 editi
846 1348 925 1410 sunt
948 1345 1173 1428 (Francofurti
1198 1343 1290 1423 1587,

63 1459 237 1538 Augustae
271 1456 401 1521 Vindel.
439 1455 549 1548 1614),
583 1460 653 1520 tres
687 1457 744 1538 qui
778 1458 884 1522 secuti
919 1461 997 1522 sunt
1026 1458 1172 1522 editores
1207 1458 1289 1521 satis

64 1570 259 1633 habuerunt
279 1572 408 1633 textum
430 1569 583 1632 Philonis
606 1589 626 1632 a
649 1570 809 1633 Turnebo
839 1568 1058 1633 constitutum
1086 1570 1289 1633 adverbum

65 1681 153 1763 typis
178 1680 386 1761 expressisse
410 1680 506 1762 eique
529 1679 658 1744 Gelenii
680 1681 871 1744 versionem
893 1681 1033 1745 latinam
1056 1679 1228 1764 librosque
1248 1683 1289 1746 ab

64 1792 271 1856 Hoeschelio
294 1791 403 1855 editos
428 1791 637 1856 adiunxisse.
662 1813 803 1874 quarum
826 1792 1012 1856 editionum
1033 1792 1144 1873 prima
1165 1793 1292 1875 prodiit

68 1881 242 1968 Coloniae
262 1905 482 1986 Allobrogum
516 1924 605 1968 anno
643 1907 734 1983 1613,
768 1906 874 1970 altera
906 1906 1057 1970 Lutetiae
1083 1905 1291 1969 Parisiorum

67 2037 95 2079 a.
122 2017 216 2094 1611),
238 2016 339 2080 tertia
361 2015 571 2081 Francofurti
595 2037 624 2080 a.
651 2017 741 2080 1691.

151 2128 266 2192 Novas
283 2127 403 2191 studiis
418 2127 593 2191 Philoneis
610 2127 754 2208 impetus
772 2127 863 2192 dedit
886 2128 1017 2192 editio
1033 2119 1290 2209 Mangeiana‚

71 2261 154 2321 quae
191 2239 238 2304 sic
273 2240 436 2321 inscripta
470 2243 535 2305 est:
569 2236 710 2315 Φίλωνος
742 2239 797 2302 τοῦ
826 2237 982 2302 Ἰουδαίου
1015 2237 1054 2302 τοὶ
1087 2230 1293 2324 εὑρισκόμενα

69 2347 204 2415 ἅπαντα.
254 2349 403 2414 Philonis
431 2348 547 2414 Iadaer'
576 2349 679 2432 Opera
703 2369 783 2430 qaae
810 2349 945 2432 reperiri
970 2353 1149 2432 potaverant
1174 2349 1291 2414 ommia.

75 2461 212 2526 Tectam
234 2481 305 2526 cam
330 2461 406 2526 Mas.
431 2459 573 2539 eoatalr't,
602 2460 838 2542 quamplurima
859 2460 992 2525 11111111
1017 2459 1110 2525 001111.
1142 2458 1293 2526 Vaticano

73 2573 209 2638 Mediceo
231 2578 261 2638 11
282 2571 464 2652 Bodleiano,
489 2571 959 2654 811111101111111111111111111111,
987 2592 1045 2636 aee
1072 2591 1140 2636 11011
1164 2569 1293 2636 Catenis

75 2683 204 2749 Graecis
225 2683 364 2764 1111111111,
393 2683 517 2763 adiecit,
540 2682 903 2765 Interpretatr'oaemqae
930 2683 1116 2763 emendarit,
1139 2682 1292 2749 universa

74 2793 696 2860 11101111101111111111111111111111111111
723 2792 888 2858 Thomas
912 2793 1095 2877 Maapeq.
1120 2793 1291 2880 (Londiai)

71 2908 281 2973 MDGCXLll.
295 2908 397 2971 editio
415 2908 499 2971 haec
511 2906 716 2971 nitidissima
728 2906 793 2970 duo
805 2905 977 2969 volumina
989 2907 1291 2987 comprehendens,

74 3039 272 3102 quamquam
289 3019 440 3083 Turnebi
455 3018 596 3101 aliisque
613 3018 817 3083 editionibus
836 3017 950 3081 multis
966 3017 1115 3080 numeris
1131 3021 1291 3098 praestat,

74 3136 277 3196 nontamen
300 3150 435 3194 ornnem
458 3150 558 3212 quam
574 3133 803 3194 commoverat
826 3128 1113 3212 exspectationem
1137 3129 1290 3210 explevit.

74 3243 183 3306 multis
216 3243 307 3307 enirn
341 3244 374 3306 et
407 3243 505 3306 novis
540 3245 573 3305 et
605 3241 706 3305 bonis
737 3241 897 3304 subsidiis
927 3239 1110 3304 instructus
1140 3241 1291 3305 Thomas

74 3353 207 3436 Mangey
234 3354 278 3417 ad
306 3354 484 3418 Philonem
513 3353 757 3418 restituendum
781 3356 813 3416 11
836 3352 1084 3416 emendandum
1111 3352 1291 3432 plurimum

76 3466 224 3529 conferre
245 3464 370 3547 potuit.
394 3484 433 3528 ae
455 3464 601 3547 primum
617 3464 752 3547 quidem
768 3464 923 3528 ordinem
938 3464 1101 3528 librorum
1123 3463 1291 3528 sollertius
1337 3539 1339 3546 y

77 3576 246 3640 constituit
280 3597 379 3658 quam
413 3577 608 3640 Turnebus.
649 3576 770 3639 deinde
810 3575 905 3638 libris
940 3595 960 3638 a
993 3574 1153 3638 Turnebo
1189 3577 1222 3638 et
1249 3575 1291 3638 ab

77 3683 273 3751 Hoeschelio
295 3687 420 3768 publici
443 3687 525 3751 iuris
549 3687 647 3752 factis
671 3686 793 3750 adiecit
815 3706 833 3749 e
857 3686 972 3749 codice
987 3685 1148 3749 Vaticano
1171 3705 1291 3767 graeco

78 3796 131 3860 381
168 3799 447 3863 commentarium
480 3799 518 3862 ale
544 3797 728 3881 posteritate
762 3795 858 3861 011111
891 3797 1004 3881 (quem
1038 3800 1155 3861 nostra
1184 3800 1293 3861 aetate

79 3911 258 3976 accuratius
287 3911 391 3975 edidit
420 3911 665 3975 Constantinus
693 3910 925 3975 Tischendorl
950 3910 985 3973 in
1013 3909 1187 3973 Philoneis
1212 3895 1318 3986 suiss

79 4016 204 4100 Lipsiae
223 4021 328 4104 1868),
353 4021 405 4084 cui
428 4021 571 4085 accessit
586 4042 674 4086 nova
688 4042 767 4103 pars
783 4021 861 4085 libri
876 4019 1032 4084 Philonei
1053 4018 1090 4081 111
1111 4016 1299 4113 specialibus

81 4123 187 4209 lepidas
216 4152 291 4196 cum
320 4132 559 4196 dissertatione
586 4131 624 4196 ae
651 4130 786 4211 taetitia,
814 4153 832 4196 e
856 4131 971 4195 codice
993 4129 1179 4194 Bodleiano
1201 4131 1315 4194 utra-'

83 4257 138 4318 que
164 4244 349 4325 descripta.
378 4247 448 4308 tum
477 4264 556 4308 vero
586 4245 773 4326 fragmenta
800 4245 964 4307 librorum
991 4240 1145 4305 Philonis
1173 4240 1293 4322 deper-

84 4348 219 4419 ditomm
242 4375 283 4419 ex
305 4355 441 4419 Eusebii
465 4357 728 4438 Praeparationc
750 4354 960 4436 Evangelica‚
987 4351 1123 4416 Ioannis
1151 4352 1292 4417 Damas·

84 4463 149 4526 ceni
163 4467 273 4531 Sacris
289 4467 476 4545 Parallelis·
491 4468 565 4532 aliis
582 4467 731 4531 fontibus
745 4468 885 4530 collecta
900 4463 1034 4546 scriptis
1047 4483 1131 4545 quae
1148 4468 1292 4529 aetatem

84 4571 220 4643 tulerunt
258 4578 402 4643 addidit.
438 4598 500 4643 nec
536 4600 614 4644 vero
649 4579 814 4660 acquievit
847 4578 883 4641 in
916 4575 1108 4640 recudenda
1145 4577 1292 4641 editione

85 4683 233 4772 principe,
250 4690 311 4754 sed
327 4689 482 4754 codicum
496 4690 678 4755 multorum
691 4689 840 4754 subsidio
855 4692 887 4753 et
899 4687 1101 4752 coniecturis
1117 4688 1293 4752 hominum
