3092 5236
916 365 956 428 56

328 578 382 639 καί
420 571 531 653 ὕδατος
568 577 623 639 καὶ
660 572 752 660 άέρος
789 577 844 638 καί
875 573 985 660 πυρός,
1024 573 1157 639 ἑκάστου
1190 581 1249 638 τῶν
1285 573 1438 659 στοιχείων
1469 573 1512 636 εἰτ-

329 685 506 773 ενεγκόντος
522 685 557 752 τό
575 685 741 774 ἐπιβάλλον
759 687 850 773 μέρος
871 687 947 773 πρός
966 685 1161 772 ἐκπλήρωσιν
1183 684 1430 771 αύταρκεστάτης
1446 683 1511 769 ὕλης,

328 797 367 883 ῆν
393 794 455 864 ἔδει
480 798 587 885 λαβεῖν
613 797 665 863 τόν
691 797 894 886 δημιουργόν,
923 801 971 865 ίνα
998 797 1176 884 τεχνιτεύση
1205 797 1262 882 τήν
1290 795 1401 882 όρατήν
1422 795 1513 880 ταύτην

329 911 449 976 εἰκόνα·
493 914 547 976 καί
586 910 712 995 προσέτι
753 912 829 976 πᾶσι
875 920 937 989 τοῖς
976 911 1136 997 λεχθεῖσιν
1173 903 1214 988 ὡς
1252 908 1446 986 οἰκειοτάτοις
1477 912 1514 972 καὶ

295 1033 309 1077 5
329 1019 579 1108 συγγενεστάτοις
600 1022 725 1108 χωρίοις
748 1022 931 1088 ἐνδιαιτᾶται
945 1020 1057 1100 τόπους
1073 1015 1208 1108 ἀμείβων
1229 1023 1283 1086 καί
1306 1020 1411 1086 ἄλλοτ’
1436 1021 1514 1095 ἄλλοις

332 1135 503 1219 ἐπιφοιτῶν,
530 1129 572 1213 ὥς
592 1133 768 1220 κυριώτατα
790 1134 884 1220 φάναι
906 1135 957 1200 τόν
980 1129 1147 1220 άνθρωπον
1173 1128 1264 1199 πάντ’
1289 1135 1373 1218 εἶναι,
1394 1143 1514 1220 χερσαῖον

332 1247 456 1330 ἐνυδρον
488 1245 602 1332 πτηνόν
635 1245 789 1332 ούράνιον·
823 1246 845 1333 ή
876 1249 930 1334 μὲν
957 1245 1018 1334 γάρ
1047 1248 1128 1311 οἰκεῖ
1151 1249 1206 1311 καί
1234 1246 1369 1333 βέβηκεν
1396 1247 1444 1310 ἐπὶ
1466 1246 1513 1329 γῆς,

330 1366 479 1442 χερσαῖον
507 1357 586 1444 ζῷόν
615 1359 710 1443 ἐστιν,
738 1357 760 1445 ή
788 1360 824 1423 δέ
850 1355 955 1424 δύεται
981 1360 1036 1423 καί
1062 1358 1192 1444 νήχεται
1213 1360 1268 1422 καί
1289 1357 1364 1423 πλεῖ
1380 1355 1514 1434 πολλάκις,

332 1470 457 1554 ἐνυδρον
477 1507 520 1516 —-
543 1472 671 1556 έμποροι
701 1473 756 1535 καί
784 1468 954 1556 ναύκληροι
976 1473 1031 1536 καί
1052 1480 1218 1556 πορφυρεῖς
1239 1473 1294 1535 καὶ
1316 1469 1381 1535 ὅσοι
1406 1469 1458 1553 τήν
1480 1459 1513 1531 ἐπ’

277 1596 311 1640 ιυ
332 1572 467 1666 ὀστρέοις
494 1584 549 1645 καί
577 1581 700 1668 ἰχθύσιν
727 1578 826 1671 άγραν
854 1582 974 1668 μετίασι
1001 1582 1056 1648 τού
1085 1582 1256 1668 λεχθέντος
1283 1582 1341 1647 εἰσί
1363 1578 1515 1667 σαφεστάτη

332 1691 429 1770 πίστις
443 1729 495 1776 -,
510 1691 532 1779 ή
549 1695 583 1758 δέ
599 1693 753 1779 μετέωρον
768 1692 830 1760 ἀπό
845 1701 904 1780 γῆς
925 1687 1093 1780 άνιύφοιτον
1116 1693 1241 1780 ἐξῆρται
1254 1691 1289 1758 τό
1304 1694 1403 1780 σῶμα,
1426 1688 1513 1776 λέγοιτ’

333 1799 369 1871 άν
392 1806 518 1883 ἐνδίκως
540 1804 712 1891 άεροπόρον
734 1808 820 1888 εῖναι,
841 1808 918 1892 πρός
941 1808 975 1871 δέ
997 1809 1051 1871 καί
1074 1804 1224 1891 ούράνιον,
1252 1804 1303 1870 διά
1325 1811 1381 1891 τῆς
1401 1798 1514 1889 ήγεμοκ-

332 1914 475 2003 κωτάτης
500 1918 560 1983 τῶν
588 1917 767 2004 αἰσθήσεων
794 1914 896 2004 ’όψεως
922 1917 1001 2005 ήλίῳ
1029 1921 1083 1984 καί
1111 1918 1227 2005 σελήνη
1254 1921 1309 1983 καί
1337 1917 1456 2002 έκάστῳ
1473 1921 1513 1980 τύν

333 2023 436 2095 ἄλλων
458 2027 595 2116 ἀστέρων
616 2030 780 2118 πλανήτων
802 2034 857 2096 καὶ
879 2026 1024 2099 άπλανῶν
1046 2031 1240 2116 συνεγγίζων.

278 2167 312 2234 15
418 2175 475 2242 52.
519 2175 697 2263 Παγκάλως
730 2179 765 2242 δέ
797 2179 851 2242 καί
883 2175 940 2263 τήν
972 2177 1061 2243 θέσιν
1093 2177 1154 2245 τῶν
1188 2170 1346 2263 ὀνομάτων
1374 2176 1467 2262 άνήβε
1488 2173 1514 2256 τῷ

333 2285 460 2372 πρώτῳ·
498 2288 607 2374 σοφίας
642 2287 703 2375 γάρ
739 2292 794 2354 καί
830 2289 987 2376 βασιλείας
1022 2289 1057 2354 τό
1094 2289 1199 2374 ἐργον,
1236 2287 1332 2375 σοφός
1364 2283 1395 2353 δ’
1429 2289 1514 2358 ἐκεῖνος

335 2397 519 2486 αύτομαθής
547 2402 601 2465 καί
628 2401 849 2479 αὐτοδίδακτος
880 2399 985 2487 χάρισι
1014 2401 1114 2478 θείαις
1140 2399 1302 2487 γενόμενος
1334 2402 1390 2465 καί
1420 2396 1513 2484 προσέτι

336 2509 492 2596 βασιλεύς·
516 2513 669 2598 έμπρεπές
692 2513 722 2578 δ’
739 2507 868 2599 ήγεμόνι
889 2510 1130 2598 προσαγορεύειν
1149 2514 1281 2580 ἕκαστον
1302 2514 1361 2578 τῶν
1384 2505 1514 2596 ὑπηκόων.

200 2646 227 2696 P.
237 2631 270 2684 36
283 2629 316 2684 Μ.
334 2619 573 2711 ὑπερβάλλουσα
606 2625 637 2690 δ’
667 2620 708 2704 ὥς
742 2624 824 2703 είκός
854 2625 857 2710 ί
889 2623 1014 2710 δύναμις
1047 2623 1148 2710 άρχής
1179 2623 1218 2708 ήν
1250 2626 1320 2709 περὶ
1347 2622 1399 2690 τόν
1425 2622 1514 2708 πρῶτον

278 2743 314 2789 2⁰
335 2735 452 2803 ἐκεῖνον
480 2735 659 2822 ἄνθρωπον,
686 2735 719 2804 ὃν
745 2739 866 2824 σπουδή
895 2736 1067 2815 διαπλάσας
1094 2735 1111 2801 ό
1139 2737 1215 2814 θεός
1241 2735 1329 2822 ήξίου
1358 2733 1514 2820 δευτερείων,

425 3031 465 3098 111
475 3031 678 3101 εἰσενεγκόντος]
691 3031 874 3099 έςενεγκόντος
883 3031 920 3086 Μ
969 3034 985 3087 3
1003 3030 1196 3099 τεχνιτεύση
1207 3029 1251 3085 M:
1264 3030 1454 3098 τεχνιτεύσηται
1463 3021 1514 3080 οιίιιί

370 3118 388 3169 1
400 3115 435 3181 ὡς
447 3117 660 3185 συγγενεστάτοις
671 3123 719 3170 καί
731 3113 902 3183 οἰκειοτάτοις
914 3117 972 3172 BD
1028 3120 1045 3171 6
1062 3118 1224 3186 κυριώτατον
1235 3117 1287 3185 ffl,
1301 3135 1369 3172 corr.
1383 3117 1426 3172 Ῑιη
1475 3115 1485 3165 7
1497 3110 1513 3175 ίί

337 3209 360 3256 εἰ
379 3202 415 3257 Μ
480 3205 533 3271 γάρ
552 3222 605 3258 om.
624 3203 654 3257 D
724 3205 792 3273 8ή]
817 3210 839 3258 εἰ
857 3204 894 3259 Μ
961 3207 993 3258 10
1011 3209 1058 3258 καί
1076 3205 1175 3273 ἰχθύσιν
1194 3223 1247 3260 om.
1265 3204 1296 3259 D
1367 3207 1424 3275 εἰσί]
1441 3193 1516 3255 ὲστῖίί

374 3291 447 3361 11-ή]
466 3295 488 3344 εἰ
500 3290 537 3344 Μ
587 3288 741 3362 άνιύφοιτον]
754 3291 809 3346 άνω
822 3291 964 3359 φοιτύνΜ
1013 3295 1152 3361 ἐξῆρται
1170 3293 1240 3347 coni.
1258 3293 1390 3361 Mangey:
1410 3290 1515 3358 ἐξήρτητίῑ

336 3377 407 3432 codd.
479 3379 513 3430 14
529 3379 668 3447 πλανήτων
685 3375 802 3446 άστέρων
820 3377 857 3433 Μ
923 3381 1125 3446 συνεγγίζων
1143 3378 1254 3432 MBD:
1273 3382 1423 3446 συνεγγίζον
1439 3378 1514 3442 (στου,

339 3482 372 3517 ex
390 3463 421 3532 ω)
435 3465 468 3530 Α,
487 3469 635 3532 συνεγγίζον
655 3465 701 3521 Ob
773 3467 805 3519 15
823 3462 969 3535 ὀνομάτων]
987 3461 1113 3533 ὀμμάτων
1130 3458 1189 3518 BD
1258 3467 1290 3518 17
1308 3465 1408 3536 χάρισι]
1425 3452 1516 3531 χερσίίί

373 3558 420 3606 καί
437 3557 544 3620 προσέτι
561 3553 638 3610 Mb:
656 3559 703 3606 καί
720 3557 826 3621 προσέτι
844 3556 874 3604 δὲ
892 3569 915 3608 α
968 3553 1001 3605 18
1023 3554 1124 3618 βασιλεῖ
1139 3551 1169 3605 D
1222 3553 1343 3617 βασιλεὺς
1356 3545 1515 3619 εύπρεπήςίῖΞ

339 3639 457 3708 η’γεμιύν·
476 3640 680 3708 προσαγορεύειν
699 3644 729 3694 δέ
747 3639 850 3708 ἑκάστῳ
868 3641 919 3692 τῶν
931 3635 1056 3708 ύπηκόων
1068 3636 1285 3707 ὑπερβαλλούσης
1297 3636 1333 3702 ὥς
1352 3638 1423 3702 εἰκός
1438 3623 1516 3689 κτλίί

340 3904 415 3966 ἐστιν,
440 3896 585 3970 [ούρανού],
608 3901 666 3969 γής,
690 3899 830 3968 <ύδατος>,
854 3895 935 3965 άέρος
958 3917 987 3951 τε
1004 3903 1051 3952 καί
1069 3899 1159 3966 πυρός,
1180 3902 1282 3966 βραχέα
1299 3899 1371 3952 κατά
1391 3899 1457 3965 φύσιν
1472 3893 1513 3958 με’ίί

341 3988 521 4055 δανεισάμενοι
543 3988 750 4056 συνεκράθημεν.
822 3987 854 4039 Ῑβ
877 3987 952 4054 quod
976 3987 1029 4040 det.
1054 3992 1111 4055 pot.
1134 3987 1312 4040 insid.1207
1338 3986 1416 4051 μόνον
1437 3982 1478 4050 γάρ
1495 3972 1513 4036 ἰί

341 4077 391 4126 τῶν
410 4079 452 4127 ἐπί
469 4077 521 4142 γής
544 4075 624 4140 φυτόν
647 4070 767 4141 οὐράνιον
790 4071 805 4126 ό
829 4073 895 4137 θεός
918 4072 1057 4140 ἄνθρωπον
1080 4073 1231 4142 εἰργάσατο,
1254 4075 1313 4126 τῶν
1328 4076 1375 4140 μὲν
1397 4072 1473 4125 ἄλλων
1485 4060 1515 4120 ῖέί

341 4163 464 4228 κεφαλάς
482 4161 632 4229 πηξάμενος
651 4165 678 4214 ἐν
695 4165 781 4228 χέρσῳ
801 4190 833 4198 -
851 4154 1000 4226 κατωκάρα
1018 4160 1070 4228 γάρ
1088 4160 1175 4213 πάντα
1192 4191 1234 4226 -,
1258 4155 1401 4227 άνθριύπου
1420 4153 1440 4212 δ’
1458 4158 1485 4214 εἰς
1497 4146 1514 4197 D

342 4246 396 4300 άνω
415 4249 586 4316 προαγαγών·
601 4290 607 4302 .
621 4288 648 4303 ..
665 4249 762 4313 τάςδὲ
779 4249 824 4300 νοῦ
844 4247 1009 4313 δορυφόρους
1027 4247 1163 4314 αἰσθήσεις
1174 4251 1222 4299 καί
1234 4241 1313 4299 αύτόν
1332 4250 1429 4300 ἐκεῖνον
1444 4250 1513 4304 πορρίἰ

342 4335 412 4388 τάτω
432 4338 478 4402 μέν
495 4338 545 4388 τῶν
558 4339 617 4402 περί
634 4338 684 4403 γῆν
702 4335 818 4402 ἐξῴκισε,
836 4340 893 4396 ταῖς
912 4325 935 4385 δ’
957 4329 1037 4400 άέρος
1054 4337 1103 4385 καί
1120 4330 1233 4400 ούρανοῦ
1252 4333 1386 4400 περιόδοις
1404 4327 1514 4398 άφθάρτῖί

343 4420 434 4485 οὔσαις
446 4421 597 4488 ὲνεδήσατο.
625 4423 659 4476 de
671 4423 757 4490 plant.
769 4421 781 4474 I
793 4421 844 4474 332
857 4423 991 4487 ἐξαιρέτου
1005 4423 1035 4472 δὲ
1046 4423 1094 4488 τής
1105 4422 1276 4487 κατασκευῆς
1289 4422 1386 4487 ἐλαχεν
1398 4419 1513 4483 άνθρυπῖί

344 4510 394 4560 τῶν
413 4511 458 4574 μέν
476 4508 528 4574 γάρ
548 4507 635 4561 ἄλλων
654 4508 701 4572 τάς
719 4507 794 4574 ὄψεις
812 4506 958 4574 περιήγαγε
975 4507 1049 4560 κάτω
1061 4506 1180 4575 κάμψας,
1194 4507 1233 4558 διό
1246 4509 1353 4559 νένευκε
1365 4508 1428 4574 πρὸς
1443 4505 1512 4569 χέρνῖί

345 4588 486 4658 άνθριύπου
506 4588 531 4645 δ’
552 4595 663 4660 ἔμπαλιν
682 4590 846 4660 άνύρθωσεν,
858 4597 900 4646 ἵνα
913 4593 958 4646 τόν
969 4590 1080 4660 οὐρανόν
1092 4592 1268 4658 καταθεάτοιι,
1280 4593 1362 4659 φυτόν
1378 4587 1425 4646 ούιι
1436 4591 1513 4650 ίπίίειον

345 4671 405 4734 ἀλλ’
427 4673 555 4746 οὐράνιον,
574 4677 610 4742 υίς
627 4677 642 4731 ό
661 4679 774 4743 παλαιός
792 4679 881 4748 λόγος,
899 4673 1031 4746 ὑπάρχων.
