3142 5238
1162 347 1265 410 XXIII

32 541 112 617 5,18
130 531 301 623 εὐκρασίαν
317 559 382 602 om.
400 538 453 621 (=
474 536 572 623 VM);
596 537 688 616 11,17
713 533 912 622 ἐπλήμμυρεν
929 535 982 618 t:
999 533 1071 620 M);
1096 535 1164 614 14,1
1182 531 1263 598 πολύ

33 651 89 735 (z
113 648 189 712 VM
190 649 245 733 a);
261 647 589 734 14,15ἐπειλημμένος
601 649 654 733 (=
667 645 753 732 Va);
769 650 839 727 16,8
851 645 1049 731 προτιθέντες
1062 646 1114 731 (=
1135 645 1205 709 VM
1207 647 1263 730 a);

37 763 132 840 16,11
169 759 294 843 στερεόν
323 761 375 845 (=
397 759 556 845 VMFa).
586 761 776 842 exemplum
803 760 916 841 igitur,
947 779 988 824 ex
1016 779 1081 841 quo
1106 762 1264 840 excerpta

36 873 168 938 codicis
198 871 233 934 P
261 873 444 951 fluxerunt,
480 892 549 937 non
584 872 747 937 dissimile
780 872 911 935 videtur
945 870 1048 934 fuisse
1083 871 1262 953 archetypo

36 985 197 1048 codicum
218 984 434 1048 Laurentiani
457 982 493 1046 F
511 988 544 1048 et
566 982 890 1048 vaticano-Palatini
912 983 985 1045 aba.

124 1095 231 1176 Magis
265 1116 365 1177 quam
398 1093 433 1156 P
458 1115 532 1158 cum
567 1095 720 1160 codicum
754 1097 862 1160 classe
894 1097 918 1160 b
951 1095 1123 1176 conspirat
1156 1096 1263 1160 codex

36 1206 260 1271 Palatinus
287 1206 664 1288 Heidelbergensis
696 1208 766 1270 129
796 1205 960 1289 (bombyc.
990 1226 1076 1270 saec.
1103 1207 1198 1290 XIV),
1228 1207 1262 1270 in
1279 1210 1342 1266 Pal.
1360 1213 1416 1266 129

38 1338 103 1398 quo
130 1320 291 1398 excerpta
312 1317 477 1382 Philonea
504 1317 628 1382 tradita
657 1322 735 1382 sunt
757 1318 846 1382 foliis
873 1319 1022 1382 14r-17
1030 1329 1053 1396 V,
1076 1317 1262 1396 dds—28&

38 1431 106 1494 31¹.
139 1433 298 1511 excerpta
325 1450 343 1493 e
372 1429 487 1494 libello
515 1431 586 1515 napi
614 1428 832 1514 κοσμοποιίας,
862 1450 946 1512 quae
975 1429 1032 1494 fol.
1062 1431 1121 1494 ldv
1150 1434 1182 1494 et
1204 1431 1264 1494 Iler

39 1545 211 1623 leguntur,
249 1528 495 1623 benignissime
528 1562 568 1606 ac
604 1542 839 1607 liberalissime
882 1541 1128 1606 Maximilianus
1173 1543 1264 1606 Treu

40 1673 173 1717 mecum
204 1653 477 1717 communicavit.
506 1654 605 1717 huius
634 1654 759 1717 codicis
789 1653 974 1734 scripturae
1008 1653 1262 1734 discrepantiae,

40 1765 163 1847 quippe
188 1785 272 1846 quae
295 1765 380 1828 nihil
403 1766 471 1829 lere
495 1766 573 1830 novi
594 1767 746 1842 afferant,
769 1765 892 1846 ubique
916 1768 1054 1830 enotare
1078 1764 1263 1845 supersedi.

41 1897 105 1940 uno
129 1879 262 1941 tanturn
284 1877 359 1940 loco
374 1878 500 1941 bonam
516 1877 696 1941 lectionem
720 1876 865 1940 servavit
887 1876 922 1939 in
946 1875 1065 1939 ceteris
1090 1875 1262 1939 codicibus

42 1991 95 2050 aut
118 1988 282 2051 omissam
305 1992 362 2052 aut
383 1990 652 2070 pessumdatam:
681 1989 763 2053 folio
787 1989 846 2052 Ilr
870 2007 944 2052 cum
973 1988 1038 2052 alia
1065 1991 1138 2051 tum
1160 1989 1263 2051 verba

44 2098 198 2162 Philonis
233 2098 283 2161 οἶα
318 2098 430 2182 ἑταιρὶς
462 2101 517 2162 καὶ
551 2097 672 2185 μάχλος
707 2135 745 2146 -
780 2094 821 2161 δι’
861 2098 972 2161 ἑαυτοῦ
1010 2098 1052 2181 μὴ
1091 2096 1261 2182 δυναμένου

44 2209 290 2293 (cept-cal)
319 2210 508 2288 laudantur,
537 2211 572 2274 in
601 2211 720 2293 quibus
751 2210 857 2274 codex
884 2209 1056 2274 Palatinus
1080 2209 1262 2291 integriora

42 2321 141 2384 tradit
165 2321 286 2385 ceteris
309 2323 412 2386 verba
434 2321 504 2398 τούς
525 2319 638 2398 τύπους
661 2319 800 2386 ἑκάστων
829 2319 1106 2406 ἐνσφραγιζόμεναι
1134 2322 1199 2383 καὶ
1226 2321 1260 2383 τὸ

44 2428 145 2514 ὅμοιον
169 2430 478 2519 ἐνεργαζόμεναι
501 2431 606 2510 πάθος
629 2433 759 2516 (libid).
782 2433 959 2514 vestigium
975 2432 1139 2514 genuinae
1157 2432 1262 2514 scrip·

44 2545 133 2607 turae
163 2544 308 2608 servavit
336 2545 436 2609 etiarn
465 2546 572 2609 codex
602 2544 649 2622 M,
680 2544 740 2608 sed
764 2548 957 2625 corruptum
981 2541 1261 2628 (ἐναυγαζόμεναι),

46 2653 77 2715 in
99 2655 237 2736 reliquis
262 2656 434 2720 codicibus
457 2656 620 2720 vocabula
642 2654 698 2717 καί
721 2658 753 2718 et
776 2651 1015 2739 ἐνεργαζόμεναι
1038 2655 1170 2719 desunt.

124 2766 292 2847 Excerpta
315 2768 479 2848 quaedam
502 2788 542 2832 ex
565 2766 726 2850 opusculo
754 2767 825 2849 περὶ
851 2764 1056 2850 κοσμοποιίας
1082 2766 1262 2830 traduntur

47 2877 272 2957 apatribus
302 2879 612 2943 ecclesiasticis
643 2880 817 2944 Clemente
843 2879 1083 2956 Alexandrino,
1113 2879 1259 2943 Eusebio

48 2985 264 3066 Caesariensi,
287 2990 412 3054 Ioanne
428 2991 653 3055 Damasceno.
678 2995 711 3055 et
734 2991 925 3055 Clemens
947 2989 1259 3054 Alexandrinus

48 3099 175 3177 quidem
210 3119 227 3162 e
260 3100 413 3164 Philonis
451 3101 564 3166 libello
599 3106 734 3166 auctore
771 3121 841 3165 non
877 3101 1013 3165 laudato
1046 3100 1261 3181 transcripsit

49 3208 177 3274 Solonis
202 3230 337 3276 carmen
367 3212 409 3276 de
436 3213 611 3277 homiuum
639 3214 806 3277 aetatibus
830 3211 874 3295 (p.
898 3213 1088 3296 ,aa-mat
1134 3213 1260 3276 Euse-

47 3318 129 3384 bius
152 3322 285 3386 duobus
308 3323 392 3386 locis
415 3324 688 3405 praeparationis
712 3325 932 3406 Evangelicae
955 3324 1136 3405 particulas
1160 3343 1260 3405 quas-

49 3429 117 3493 dam
140 3433 293 3515 opusculi
315 3434 470 3498 Philonei
494 3435 688 3517 descripsit:
710 3456 778 3499 uno
801 3436 876 3499 loco
894 3434 1024 3518 (Praep.
1042 3435 1098 3498 Εν.
1122 3433 1260 3518 v11113)

51 3558 84 3603 ea
105 3563 188 3624 quae
212 3544 320 3625 capite
337 3545 442 3608 altero
458 3545 556 3609 huius
574 3547 731 3610 editionis
749 3546 873 3628 scripta
890 3550 969 3609 sunt
984 3544 1026 3628 (p.
1043 3546 1260 3627 a,11-3,17),

50 3652 143 3719 altero
175 3655 306 3739 (Pracp.
337 3657 394 3720 Εν.
409 3645 467 3720 'XI
494 3657 549 3740 ad)
577 3658 722 3739 primum
751 3658 933 3739 particulas
963 3657 1082 3738 capitis
1112 3656 1197 3720 sexti
1227 3659 1260 3720 et

52 3766 157 3845 capItis
182 3768 326 3848 septimi,
349 3767 428 3831 inde
451 3788 471 3832 a
492 3769 603 3833 verbis
627 3770 654 3832 εἰ
670 3767 704 3832 δέ
719 3791 762 3845 τις
785 3767 949 3852 ἐθελήσειε
971 3789 1076 3850 usque
1100 3768 1143 3831 ad
1157 3770 1260 3832 verba

51 3875 158 3955 apricos
187 3877 317 3961 ἐποίησε
345 3878 396 3943 τὸν
425 3871 556 3962 οὐρανόν
585 3879 628 3963 (μ.
659 3880 843 3965 7,6-8,8),
872 3880 994 3944 deinde
1016 3881 1116 3944 tinem
1140 3879 1258 3961 capitis

53 3989 173 4066 septimi
203 3993 235 4054 et
262 3995 361 4074 caput
388 3994 557 4069 octavum,
585 3992 664 4055 inde
691 4012 711 4055 a
738 3991 850 4056 verbis
884 3990 1006 4074 πρῶτον
1038 3989 1091 4056 οὖν
1117 3983 1135 4052 o‘
1163 3990 1258 4054 cccciv

55 4092 137 4162 ἐποίει
163 4121 270 4184 usque
300 4102 343 4164 ad
370 4103 472 4166 verba
499 4101 657 4186 εἰλικρινὲς
684 4102 745 4186 γὰρ
774 4100 863 4167 οὐδὲν
892 4107 952 4167 τῶν
982 4101 1013 4166 ἐν
1042 4100 1190 4184 αἰσθήσει
1212 4100 1257 4185 (p.

54 4205 253 4297 Sto-ala),
278 4214 421 4295 denique
443 4215 544 4278 tinem
568 4215 686 4296 capitis
711 4215 792 4278 noni
815 4219 848 4279 et
871 4213 1002 4277 initium
1026 4213 1155 4290 decimi,
1179 4213 1258 4276 inde

56 4334 71 4377 a
89 4324 192 4388 verbis
216 4323 283 4387 ἐπεὶ
298 4323 333 4386 δὲ
349 4322 413 4407 φῶς
429 4325 484 4408 μὲν
501 4324 623 4409 ἐγένετο
645 4347 751 4408 usque
775 4327 818 4389 ad
834 4327 938 4389 verba
960 4322 1083 4407 στερεὸν
1108 4321 1258 4389 ἐκάλεσεν

56 4425 255 4518 (illm-bb).
280 4435 369 4517 quod
392 4435 557 4500 Eusebius
580 4436 615 4500 in
635 4437 688 4500 his
704 4437 877 4500 Philoneis
901 4455 977 4499 cum
1000 4435 1114 4499 codice
1132 4436 1258 4500 Vindo-

55 4535 182 4608 bonensi
210 4547 310 4627 plane
338 4546 524 4627 conspirat,
554 4567 654 4611 nemo
682 4549 749 4611 tam
777 4547 961 4624 mirabitur,
985 4547 1257 4629 quandoquidem

58 4650 188 4719 codicem
219 4655 250 4719 V
272 4677 312 4721 ex
344 4658 579 4741 antiquissimo
617 4660 731 4724 codice
765 4659 991 4723 bibliothecae
1026 4657 1256 4724 Caesariensis
