3142 5238
1254 346 1423 438 xv¹

82 559 155 602 om.
178 535 291 613 BDE3
316 533 691 620 17,1δειχυῆναιΒ1)Ε.
714 553 782 598 uno
798 534 883 612 loco,
908 533 936 598 si
952 533 1095 616 Mangeii
1114 533 1310 600 testimonio

80 649 171 714 fides
194 649 350 714 habenda
373 651 434 726 est,
458 667 478 712 a
499 646 671 710 codicibus
688 643 753 708 BD
774 645 959 726 discrepat:
981 645 1077 723 43‚10
1099 643 1187 729 φύσιν
1209 643 1310 726 ΑΘΕ,

80 759 187 823 πίστιν
208 757 281 823 BD.
311 758 371 823 sed
395 777 435 822 ex
458 757 602 839 Mangeii
630 755 825 821 testimonio
855 775 924 820 non
947 756 1058 820 minus
1081 775 1203 820 novem
1226 756 1309 820 locis

82 873 129 935 ab
160 870 317 935 omnibus
346 869 445 934 huius
475 868 594 932 classis
625 867 797 932 codicibus
827 886 902 931 sese
932 887 1104 933 removere
1134 869 1247 932 fertur.
1271 887 1309 931 ac

81 983 197 1048 tribus
226 982 361 1064 quidem
390 984 588 1064 quattuorve
617 979 701 1043 locis
731 999 811 1042 casu
840 977 984 1042 fortasse
1007 979 1072 1042 hoc
1094 978 1219 1043 factum
1242 984 1308 1043 est:

81 1094 181 1172 2121
217 1093 257 1157 τοὶ
289 1090 532 1176 προσταχθέντα
571 1092 645 1173 (pro
677 1087 712 1153 τὸ
745 1089 976 1174 τροσταχθέν);
1011 1090 1083 1168 342
1117 1088 1200 1166 ἰδέας
1234 1090 1308 1174 (pro

82 1197 225 1285 οὐσίας);
252 1205 348 1282 47,13
370 1194 491 1288 ἡμέραν
513 1199 650 1288 ἑβδόμην
679 1201 753 1284 (pro
777 1199 861 1284 ίεροὶν
884 1199 1050 1286 έβδόμην);
1081 1201 1174 1278 55,15
1204 1198 1309 1278 οὐσίας

83 1315 165 1398 (pro
189 1313 293 1397 ἰδέας).
322 1315 404 1380 talia
432 1315 522 1378 enim
551 1314 616 1395 ipsi
644 1313 782 1378 librario
812 1313 927 1378 neseio
956 1333 1000 1377 an
1028 1312 1207 1376 tribuenda
1230 1312 1308 1376 sint.

83 1426 228 1509 reliquis
251 1428 362 1490 autem
386 1425 533 1508 quinque
556 1424 640 1488 locis
664 1443 740 1487 cum
763 1423 837 1487 aliis
870 1424 1042 1489 codicibus
1071 1424 1119 1488 ita
1142 1424 1307 1502 convenit,

81 1543 122 1603 ut
146 1537 303 1602 librarius
332 1556 447 1601 earum
476 1536 658 1600 lectionum
687 1538 804 1598 auctor
833 1534 1018 1599 existimari
1047 1540 1207 1618 nequeat:
1237 1535 1305 1614 16,1

83 1649 143 1732 (cf.
170 1647 310 1731 Corrig.)
334 1645 409 1711 διότι
432 1643 517 1730 ῥύσει
539 1647 594 1731 μέν
616 1646 684 1723 ἐνὸς
706 1641 790 1721 δυοίς,
814 1642 900 1728 ῥύσει
922 1646 957 1708 δέ
979 1644 1110 1730 σημείου
1133 1645 1308 1710 συνίσταται

80 1757 217 1844 γραμμή
241 1760 294 1840 (z
314 1756 372 1841 V);
400 1759 470 1836 321
502 1755 737 1832 κατακλινέντες
760 1755 813 1838 (=
832 1754 920 1839 ch
948 1757 1041 1834 roal
1072 1764 1134 1832 τοῖς
1156 1753 1308 1841 ἑξήκοντα

81 1871 140 1955 (=
166 1869 236 1953 Μ);
263 1871 334 1946 dal
367 1867 486 1933 ἀδικεῖν
513 1869 551 1932 έκ
583 1867 728 1951 προνοίας
757 1867 810 1966 (fz
834 1866 939 1952 MF);
967 1869 1061 1946 60,13
1090 1865 1204 1951 τρόπον
1233 1867 1306 1951 (pro

81 1981 239 2064 δείγματα
260 1985 345 2045 teste
371 1981 541 2062 Mangeio:
570 2000 613 2044 an
642 2000 704 2061 pro
732 1976 855 2042 adcor?
885 1980 925 2042 cf.
956 1980 1029 2044 cod.
1054 1978 1120 2059 M).
1150 1979 1306 2044 omnibus

81 2093 140 2156 his
165 2091 247 2155 locis
270 2091 414 2172 Mangeii
436 2111 568 2155 errores
593 2093 732 2155 subesse
748 2090 831 2154 mihi
847 2089 1018 2164 videntum
1042 2091 1187 2156 fortasse
1209 2091 1307 2155 Pala·

80 2204 195 2268 tinum
220 2203 279 2266 152
303 2222 379 2266 cum
401 2203 467 2266 alio
491 2203 637 2283 quodam
660 2202 821 2267 Vaticano
845 2200 996 2265 confudit
1018 2200 1060 2284 (v.
1083 2201 1195 2283 infra).

171 2315 309 2378 Praeter
325 2333 384 2378 eos
401 2333 485 2395 quos
501 2314 672 2378 nominavi
695 2314 800 2378 libros
817 2312 1078 2394 manuscriptos
1101 2312 1179 2378 huic
1195 2314 1305 2391 classi,

80 2427 119 2490 ni
150 2425 263 2503 fallor,
297 2425 541 2489 adnumerandi
576 2428 654 2488 sunt
682 2445 700 2488 e
728 2424 823 2488 libris
853 2425 888 2487 in
915 2423 1121 2488 bibliotheca
1146 2425 1307 2490 Vaticana

80 2535 273 2601 adservatis
297 2536 403 2601 codex
426 2536 877 2601 Vaticano-Palatinus
900 2555 953 2616 gr.
981 2537 1050 2599 183
1075 2534 1193 2618 (chart.
1218 2557 1304 2601 saec.

80 2646 169 2729 XIV)
199 2649 233 2710 et
259 2647 365 2711 codex
393 2648 618 2712 Vaticanus
649 2668 700 2729 gr.
730 2649 805 2712 380
835 2646 1032 2731 (membran.
1063 2667 1149 2712 saec.
1172 2648 1252 2732 XV),
1277 2648 1305 2711 si

81 2757 221 2840 quidem
244 2758 279 2822 in
302 2758 351 2821 eis
375 2759 500 2840 scripta
521 2759 675 2823 Philonis
699 2760 818 2824 eodem
833 2759 951 2823 ordine
967 2763 1066 2840 atque
1082 2758 1117 2822 in
1134 2760 1305 2824 codicibus

80 2869 112 2932 A
137 2873 172 2933 'et
196 2867 225 2932 0
243 2869 408 2950 disposita
424 2873 502 2934 sunt
517 2869 570 2953 (ol.
588 2871 787 2949 Stevenson‚
805 2871 909 2936 Codd.
926 2890 1005 2934 mss,
1021 2870 1126 2934 Palal.
1143 2889 1190 2950 gr.
1205 2891 1237 2952 p.
1253 2872 1304 2935 94.

80 2982 188 3059 Pitra,
210 2981 372 3045 Analecta
395 2981 498 3046 Sacra
520 2981 547 3043 11
568 3002 601 3064 p.
624 2981 710 3066 314).

169 3203 200 3266 4.
244 3203 391 3267 Alterius
416 3203 534 3267 classis
559 3202 606 3287 (b)
631 3202 763 3267 codices
780 3223 864 3284 quos
882 3202 1022 3266 collatos
1043 3202 1152 3267 habeo
1175 3202 1305 3265 bisunt
1324 3217 1343 3267 ο

80 3316 254 3397 quattuor:

170 3425 299 3489 codex
327 3427 505 3490 Venetus
533 3425 766 3490 Marcianus
789 3425 836 3489 lo
865 3423 942 3508 (H),
966 3426 1173 3501 chartaceus
1197 3424 1305 3488 forma
1323 3435 1358 3488 H

81 3533 256 3616 quadrata,
277 3553 363 3598 saec.
381 3535 458 3598 XIV
476 3533 559 3617 (non
574 3534 668 3616 XIH),
681 3536 762 3599 olim
777 3535 989 3599 Bessarionis
1007 3535 1195 3600 Cardinalis
1209 3535 1302 3599 liber.

81 3646 244 3724 continet,
259 3650 297 3710 ut
311 3645 469 3710 Bessario
486 3646 669 3724 adnotavit,
692 3645 832 3723 Φίλωνος
848 3640 1005 3708 Ἰουδαίου
1020 3645 1059 3708 τὰ
1074 3643 1303 3730 συγγράμματα

79 3755 199 3834 πάντα,
233 3760 269 3821 ut
303 3757 491 3822 accuratius
526 3757 692 3835 dicamus,
722 3757 836 3821 omnia
865 3776 949 3838 quae
975 3760 1096 3838 postea
1124 3758 1302 3821 Turnebus

81 3867 202 3942 edidit;
237 3868 322 3931 liber
355 3868 396 3931 de
436 3868 568 3948 opificio
606 3868 722 3932 mundi
755 3868 876 3948 legitur
909 3868 964 3932 fol.
1002 3870 1165 3932 11—181.
1204 3869 1301 3932 huius

1 3991 7 3998 ⁴
81 3977 210 4042 codicis
244 3979 404 4059 gemellus
443 3979 493 4042 vel
531 3999 572 4043 ex
601 3998 641 4042 eo
676 3979 865 4059 descriptus
899 3983 950 4042 est
984 3980 1090 4043 codex
1123 3982 1301 4044 Venetus

80 4088 314 4154 Marcianus
341 4090 387 4153 39
417 4089 629 4173 (membran,
660 4090 769 4154 forma
797 4090 958 4168 maxima,
989 4109 1075 4154 saec.
1098 4089 1179 4173 XV),
1203 4109 1302 4171 quern

81 4199 192 4263 obiter
213 4199 356 4281 inspexi.

167 4309 298 4374 codex
318 4311 580 4376 Monacensis
604 4330 776 4392 graecus
802 4312 874 4376 124
890 4309 951 4394 (Ι),
968 4312 1174 4390 chartaceus
1191 4311 1299 4376 forma
1319 4330 1341 4383 Ι

81 4421 237 4499 maxima,
255 4440 342 4486 saec.
357 4421 429 4486 XVI
444 4421 737 4504 neglegentissime
759 4422 913 4502 scriptus,
937 4423 1168 4504 complectitur
1184 4423 1301 4488 eadem

82 4530 207 4612 scripta
228 4531 394 4597 Philonea
422 4552 506 4618 quae
536 4531 642 4596 codex
665 4531 714 4608 H;
745 4534 943 4614 opusculum
966 4533 1007 4596 de
1030 4531 1161 4614 opificio
1184 4533 1300 4598 mundi

83 4645 173 4706 extat
201 4641 257 4705 fol.
284 4646 442 4708 11-271.
473 4644 512 4708 cf.
542 4644 659 4722 Hardt,
690 4644 794 4709 Catal.
818 4645 844 4708 Il
865 4666 897 4726 p.
921 4645 962 4708 65
982 4665 1053 4727 sqq.
1087 4645 1300 4728 praemonuit
