3092 5236
907 404 947 473 66

824 499 1027 508 ——n

319 611 382 683 έδει
412 615 466 703 μέν
494 611 547 683 οὖν
574 615 609 682 τό
636 623 696 683 τῶν
723 610 899 703 ἀνθρώπων
925 616 1029 703 γένος,
1059 615 1087 680 εί
1107 612 1164 700 την
1185 607 1397 700 ἁρμόττουσαν
1420 610 1511 698 ἔμελλε

319 729 408 814 δίκην
430 721 599 815 ὑπομένειν,
622 725 796 814 ἠφανίσθαι
818 728 869 794 διά
891 729 948 814 την
968 728 1045 814 πρός
1067 726 1119 793 τόν
1140 723 1307 813 εὐεργέτην
1329 727 1383 790 καί
1405 731 1511 808 σωτῆρι

318 839 393 905 θεὸν
415 833 613 926 ἀχαριστίαν·
636 837 653 904 6
675 836 705 904 6’
731 839 785 905 ὅτε
806 838 862 926 την
884 839 973 926 φύσιν
994 841 1086 918 ίλεως
1113 839 1215 905 οἶκτον
1241 837 1348 924 λαβών
1371 837 1511 924 έμετρίοσε

317 950 372 1037 την
400 952 554 1039 τιμωρίαν,
582 951 617 1017 τό
646 953 700 1039 μέν
726 951 814 1038 γένος
837 951 932 1031 ἐάσας
954 952 1115 1040 διαμένειν,
1142 949 1197 1028 τὰς
1219 951 1254 1014 δέ
1276 949 1393 1036 τροφάς
1416 947 1509 1014 οὐκέθ’

283 1057 428 1150 σόμοίως
456 1063 633 1150 ἐξέτοίμου
655 1063 845 1150 παρασχών,
873 1066 922 1131 ίνα
950 1062 993 1152 μὴ
1022 1065 1090 1129 δυσὶ
1118 1071 1228 1140 κακοῖς
1254 1055 1349 1148 ἀργίᾳ
1370 1063 1425 1126 καί
1445 1060 1510 1146 κόρῳ

315 1176 471 1264 χρωμενοι
491 1176 698 1264 πλημμελῶσι
719 1179 774 1242 καί
795 1175 949 1264 ὑβρίζωσι.

402 1305 460 1373 61.
504 1306 650 1384 Τοιοῦτος
667 1308 721 1393 μέν
737 1299 754 1370 6
773 1305 836 1393 βίος
857 1307 918 1373 τῶν
934 1307 966 1372 ἐν
983 1299 1067 1392 ἀρχῇ
1092 1307 1147 1392 μέν
1165 1303 1285 1390 ἀκακίμ
1307 1305 1363 1368 καί
1382 1297 1511 1385 ἁπλότητι

315 1417 493 1504 χρωμένων,
530 1416 620 1496 αὖθις
653 1419 688 1483 δέ
720 1418 835 1485 κακίαν
867 1411 934 1484 ἀντ’
966 1416 1078 1504 ἀρετῆς
1110 1414 1325 1504 προτιμώντων
1359 1413 1417 1501 [ὥν
1449 1409 1512 1490 ἄξιον

316 1523 515 1616 ἀπέχεσθαι].
538 1529 589 1595 διά
611 1532 646 1596 δέ
667 1532 723 1618 τῆς
744 1531 915 1618 λεχθείσης
937 1529 1141 1618 κοσμοποιίας
1163 1527 1266 1594 πολλά
1294 1530 1349 1614 μέν
1371 1529 1428 1592 καί
1448 1521 1510 1589 ἀλλο

260 1664 295 1710 10
315 1633 398 1728 ἡμᾶς
421 1633 629 1727 ἀναδιδάσκει,
645 1643 734 1709 πέντε
757 1644 792 1707 δέ
806 1642 845 1707 τά
867 1641 1019 1708 κάλλιστα
1041 1644 1097 1707 καὶ
1117 1639 1239 1708 πάντων
1261 1636 1386 1727 ἀριστα·
1411 1644 1511 1723 πρῶτον

315 1755 371 1840 μέν
404 1753 449 1820 ὅτι
476 1756 539 1819 ἔστι
565 1754 600 1820 τό
633 1755 720 1822 θεῖον
748 1757 802 1820 καί
830 1749 980 1842 ὑπάρχει,
1009 1753 1060 1820 διά
1087 1753 1157 1832 τοὺς
1186 1747 1317 1836 ἀθέους,
1346 1741 1390 1818 ὧν
1420 1751 1449 1815 οἱ
1473 1751 1511 1835 μέν

316 1865 494 1932 ένεδοίασοιν
516 1867 814 1953 έπαμφυτερίσαντες
835 1867 982 1954 περὶτῆς
1004 1859 1163 1951 ὑπάρξεως
1185 1859 1290 1948 αὐτοῦ,
1306 1863 1335 1928 οἱ
1357 1865 1393 1928 δὲ
1415 1862 1510 1947 τολμη·

315 1976 434 2064 ρότεροι
471 1980 526 2042 καὶ
557 1976 831 2065 κατεθρασόναντο
865 1977 996 2064 φάμενοι
1031 1971 1106 2064 μηδ’
1141 1975 1220 2055 ὅλως
1253 1978 1343 2058 εἶναι,
1378 1975 1511 2066 λέγεσθαι

315 2087 343 2155 δ’
370 2090 444 2157 αὐτὸ
473 2091 563 2178 μόνον
596 2092 673 2177 πρὸς
706 2091 881 2178 ἀνθρώπων
914 2089 1074 2177 πλάσμασι
1108 2090 1251 2177 μυθικοῖς
1286 2085 1511 2152 ἐπισκιασάντων

259 2219 294 2264 15
313 2202 370 2289 την
398 2202 566 2290 ἀληθειαν·
595 2204 738 2290 δεύτερον
769 2203 799 2269 δ’
830 2203 875 2270 ὅτι
902 2203 978 2281 θεὸς
1011 2203 1052 2281 είς
1080 2203 1155 2286 ἐστι,
1183 2200 1234 2266 διά
1262 2199 1332 2278 τυός
1360 2198 1512 2286 εἰσηγητάς

313 2321 369 2401 τῆς
406 2316 564 2382 πολυθέου
607 2317 713 2404 δόξης,
752 2318 784 2382 οἳ
823 2315 882 2381 οὐκ
919 2316 1084 2401 ἐρυθριῶσι
1122 2312 1178 2400 τὴν
1221 2311 1424 2399 φαυλοτάτην
1468 2311 1512 2374 τόν

238 2464 241 2472 -
314 2427 558 2496 κακοπολιτειῶν
574 2428 783 2516 ὅχλοκρατίαν
807 2428 868 2494 ἀπὸ
883 2429 941 2515 γῆς
964 2430 1006 2507 εἰς
1021 2421 1151 2514 οὐρανὸν
1168 2426 1406 2516 μετοικίζοντες·
1431 2425 1510 2511 τρίτον

315 2537 344 2604 δ’
362 2538 403 2617 ὡς
423 2539 487 2627 ἤδη
508 2541 664 2627 λέλεκται,
685 2542 730 2608 ὅτι
751 2542 880 2630 γενητὸς
902 2535 919 2606 6
940 2539 1067 2629 κόσμος,
1090 2541 1141 2606 διά
1163 2540 1233 2619 τοὺς
1255 2539 1415 2627 οἰομένους
1438 2535 1512 2602 αὐτόν

315 2649 464 2738 ἀγένητον
484 2655 539 2717 καὶ
562 2647 658 2721 ἀίδιον
680 2656 765 2739 εἶναι,
788 2656 820 2720 οἳ
838 2653 933 2720 πλέον
955 2647 1044 2720 οόδέν
1067 2647 1254 2740 ἀπονέμουσι
1276 2652 1359 2738 θεῷ·
1382 2651 1512 2736 τέταρτον

257 2789 293 2837 20
315 2762 344 2829 δ’
374 2763 419 2830 ὅτι
451 2768 505 2830 καί
538 2767 580 2844 είς
611 2767 690 2833 ἐστιν
718 2761 735 2832 6
762 2767 892 2854 κόσμος,
923 2765 1030 2852 ἐπειδὴ
1056 2769 1111 2830 καὶ
1139 2766 1181 2844 είς
1209 2759 1226 2829 6
1254 2761 1444 2851 δημιουργός
1468 2758 1511 2846 <ὅ>

315 2876 502 2964 έξομοιιόσας
530 2876 615 2965 αὑτῷ
640 2879 724 2944 κατά
752 2878 808 2965 την
836 2879 966 2965 μόνωσιν
993 2879 1028 2944 τό
1051 2879 1157 2965 ἔργον,
1181 2875 1214 2955 ὅς
1237 2874 1344 2963 άπάση
1368 2872 1511 2960 κατεχρή-

314 3012 389 3054 σατο
411 2996 450 3076 τη
472 2988 531 3077 ὅλη
556 2991 598 3068 είς
618 2989 675 3077 την
696 2991 751 3056 τοῦ
779 2989 853 3055 ὅλου
879 2990 1011 3077 γένεσιν·
1040 2989 1111 3056 ὅλον
1138 2988 1200 3076 γάρ
1222 2987 1281 3054 οὐκ
1304 2988 1340 3055 ἀν
1361 2986 1412 3074 ην,
1437 2983 1511 3071 εἰμὴ

400 3233 412 3285 1
433 3232 492 3284 τῶν
511 3227 657 3300 ἀνθρώπων
670 3231 721 3287 M:
740 3235 790 3286 τῶν
809 3250 862 3287 orn.
877 3233 955 3287 ceteri
1024 3233 1072 3302 την
1088 3231 1324 3299 παναρμόττουσαν
1342 3228 1380 3284 Μ
1448 3229 1512 3283 ἀνά

312 3323 376 3387 post
387 3313 533 3387 ἠφανίσθαι
546 3318 657 3374 add.M
705 3319 807 3388 3θεόν]
822 3321 889 3373 θεοῦ
899 3321 982 3374 Turn.
1036 3315 1194 3390 ἀτε]ἀείΜ
1244 3308 1304 3380 δ’ἐξ
1320 3320 1427 3383 ἑτοίμου
1445 3331 1512 3381 παρα·

313 3405 382 3472 σχιόν
391 3403 496 3483 MFa:
510 3409 538 3469 ἐξ
548 3410 652 3474 ἑτοίμου
663 3424 716 3461 om.
726 3411 746 3463 b
753 3427 759 3471 ;
769 3424 795 3461 ν.
805 3423 864 3475 sup.
877 3425 902 3477 p.
913 3408 974 3476 30,8
1022 3407 1037 3460 7
1048 3410 1094 3474 μὲν
1106 3407 1181 3474 pn'us
1196 3422 1249 3459 orn.
1260 3403 1294 3458 M
1340 3397 1513 3467 8κακίαςΑΒ

347 3487 403 3544 ἀντ’
425 3510 477 3549 om.
497 3491 534 3547 M
604 3494 639 3547 τόν
657 3493 740 3566 ἀξιον]
758 3496 809 3547 τῶν
828 3489 906 3558 ἀξίων
924 3492 961 3548 Μ
1035 3494 1120 3547 verba
1138 3493 1173 3546 ὥν
1191 3491 1264 3556 ἀξιον
1282 3486 1435 3558 ἀπέχεσθαι
1452 3487 1511 3543 uncis

311 3578 411 3632 inclusi
470 3581 551 3647 θμέν
569 3597 623 3635 om.
641 3579 679 3634 M
733 3581 767 3634 10
785 3574 955 3634 ἀναδιδάσκει
972 3583 1070 3649 Μωσῆς
1088 3581 1177 3647 Mang.
1198 3578 1377 3648 (Christoph.)
1434 3578 1464 3630 11
1477 3575 1512 3627 ὅτι

312 3669 381 3718 έστι
409 3665 442 3717 τό
473 3669 565 3719 θεῖον
594 3671 653 3720 καί
681 3666 826 3735 ὑπάρχει
852 3666 905 3722 M:
931 3667 973 3720 ὅτι
999 3671 1054 3720 έστι
1079 3671 1126 3721 καί
1153 3664 1267 3733 ὑπάρχει
1293 3665 1323 3716 τό
1351 3667 1435 3718 θεῖον·
1453 3657 1512 3717 οιίοί

348 3751 563 3806 ῙθένεδίασανΙ)
616 3750 708 3825 αὐτοῦ]
723 3750 844 3808 αότῶνΑ
896 3754 1092 3823 τολμηρότερον
1102 3752 1138 3807 Μ
1142 3747 1157 3792 ί*
1211 3753 1243 3806 13
1253 3743 1513 3818 κατεθρασόνοντολί

347 3839 470 3906 μηδόλως
496 3838 566 3906 Ma,
590 3836 655 3910 μηθ’
683 3841 752 3906 ὅλως
774 3840 804 3895 Ε
891 3842 924 3895 14
947 3836 1026 3894 αὐτόν
1044 3843 1127 3895 Turn.
1217 3841 1250 3892 15
1268 3839 1412 3906 εἰσηγητάς
1433 3831 1513 3892 oms

348 3927 380 3979 16
397 3926 444 3994 την
463 3926 671 3994 φαυλότηταΜ
739 3926 905 3984 τῶνυμαῦ
976 3930 1007 3983 17
1026 3929 1296 3982 κακοπολιτειῶν
1314 3926 1511 3994 Μαιμικοιιιι-

312 4013 424 4069 πολιτῶν
453 4011 524 4068 codd.
558 4015 752 4085 (καταπολιτῶν
783 4015 821 4084 F)
926 4011 1105 4084 ὀχλοκρατίαν
1140 4012 1219 4071 Fa:
1254 4008 1438 4080 ὅχλοιιρασίιιν
1468 4009 1512 4064 Mb

349 4101 380 4153 19
398 4103 497 4153 πλέον
515 4100 568 4155 M:
586 4105 676 4156 πλεῖον
693 4099 770 4157 oeten?
839 4104 874 4156 λθ
891 4101 906 4157 6
924 4103 1052 4171 κόσμος
1071 4099 1123 4156 M:
1142 4099 1157 4154 6
1176 4101 1292 4169 γεγονὼς
1309 4094 1411 4168 κόσμος
1429 4093 1511 4163 w

312 4187 422 4255 γενητὸς
439 4188 539 4256 κόσμος
557 4188 673 4254 οὔτοςῠ
759 4187 774 4242 6
794 4195 858 4259 post
876 4195 913 4254 είς
931 4207 984 4244 om.
1004 4188 1042 4244 M
1127 4186 1141 4241 6
1160 4193 1225 4257 post
1241 4187 1402 4256 δημιουργός
1421 4183 1512 4240 addidi:

311 4272 343 4338 ὅς
360 4276 423 4328 add.
441 4275 531 4344 Mang.
584 4277 615 4329 21
636 4272 706 4345 αὐτῷ
725 4276 751 4341 Ι,
771 4273 841 4345 αὐτῷ
855 4294 923 4332 corr.
938 4295 971 4331 ex
990 4275 1061 4344 αὑτῷ
1077 4274 1140 4329 MF
1190 4275 1238 4343 τὴν
1257 4291 1309 4328 om.
1323 4272 1353 4327 D
1406 4268 1511 4340 μόνωσιν]

311 4358 433 4429 ὁμοίωσιν
455 4360 484 4415 Ε
568 4362 605 4428 ὅς
631 4361 740 4432 άπάση
768 4364 886 4433 scripsi:
912 4364 964 4417 ὅσα
987 4365 1057 4431 πάσῃ
1083 4360 1125 4427 Μ,
1147 4361 1162 4414 6
1185 4361 1238 4426 πάς
1259 4359 1295 4427 F,
1319 4359 1333 4413 δ
1356 4360 1428 4428 πάσῃ
1451 4354 1513 4413 ceteri

346 4449 380 4502 M
398 4448 458 4516 ὅλη
478 4448 530 4503 M:
549 4445 624 4518 οὐσίᾳ
641 4449 718 4505 ceteri
788 4455 826 4515 εἰς
845 4448 883 4505 M
897 4452 976 4522 (corr.
996 4449 1171 4520 Turnebus):
1189 4453 1236 4502 καί
1254 4447 1332 4504 oeten·

399 4639 432 4692 w
451 4640 485 4692 de
503 4638 590 4707 plant.
608 4640 620 4692 Ι
638 4639 691 4692 330
712 4641 878 4695 τελειότατον
901 4642 953 4710 γάρ
977 4642 1094 4710 ἥρμοττε
1115 4642 1146 4694 τό
1171 4645 1291 4709 μέγιστον
1314 4642 1365 4693 τῶν
1388 4642 1472 4707 ἔργων
1487 4633 1511 4700 τῷ

313 4729 424 4793 μεγίστῳ
454 4728 604 4793 δημιουργῷ
630 4727 841 4782 διαπλάσασθαι·
868 4731 1034 4785 τελειότατον
1052 4725 1077 4782 δ’
1105 4725 1156 4783 οόκ
1178 4729 1212 4781 ἀν
1233 4728 1274 4797 ῆν,
1302 4732 1325 4780 εἰ
1351 4726 1388 4795 μη
1415 4730 1513 4785 τελείοις
