3092 5236
903 349 944 414 22

821 443 1023 452 ..—.-—--·-

312 565 350 648 τη·
369 583 403 626 τε
425 567 608 647 κατασκευῇ
632 561 817 646 διαφέροντα
832 563 887 624 καί
900 569 966 639 ταῖς
989 558 1105 646 ῥώμαις
1126 562 1181 624 καί
1200 568 1265 637 ταῖς
1288 555 1512 642 ένυπαρχούοι·

314 673 497 761 βλαπτικαίς
518 672 540 758 ἠ
563 673 771 759 ιύφελητικαίς
792 671 964 759 δυνάμεσιν.
1005 666 1082 737 Ἐπί
1110 673 1145 736 δὲ
1172 672 1264 737 πᾶσιν
1290 670 1396 735 ἐποίει
1417 667 1498 733 τὸνό

313 785 457 870 θρωπον·
482 783 516 851 δν
538 787 572 850 δέ
594 784 718 871 τρόπον,
741 783 850 872 μικρὸν
865 784 993 868 ὕστερον
1009 784 1070 869 ἐρῶ
1084 781 1235 868 πρότερον
1256 784 1361 850 ἐκεῖνο
1387 779 1508 866 δηλύσ

314 896 361 963 ότι
382 895 537 983 παγκάλφ
561 903 603 983 τῷ
624 897 681 982 τῆς
696 896 889 975 ἀκολουθίας
904 897 999 983 είρμῷ
1014 896 1179 982 κέχρηται,
1195 888 1278 960 καθ’
1294 893 1333 980 ἣν
1351 892 1508 978 ὑφηγησι

280 1008 496 1095 ὀζφογονίαν.
526 1009 632 1094 ψυχῆς
658 1007 720 1095 γὰρ
742 1003 763 1094 ἡ
788 1011 843 1096 μὲν
871 1007 1029 1094 ἀργοτάτη
1056 1011 1111 1074 καὶ
1132 1007 1249 1094 ἥκιστα
1270 1005 1471 1092 τετυπωμένη
1488 1022 1512 1059 ὲ

315 1120 396 1207 γένει
417 1122 477 1186 τῶν
500 1117 621 1207 ἰχθύων
643 1119 935 1206 προσκεκλήρωται,
950 1115 971 1206 ἡ
988 1119 1018 1186 δ’
1036 1118 1246 1208 ἀκριβεστάτη
1270 1118 1431 1184 καὶκατὰ
1451 1113 1510 1180 πάντ

315 1232 426 1319 ἀρίστη
449 1233 492 1318 τῷ
514 1234 574 1298 τῶν
597 1232 781 1319 ἀνθρώπων,
803 1226 825 1318 ἡ
855 1231 883 1298 δ’
908 1229 1022 1320 ἀμφοῖν
1049 1230 1197 1319 μεθόριος
1223 1231 1267 1317 τῷ
1294 1231 1358 1297 τῶν
1388 1228 1490 1315 χερσαί

316 1347 370 1409 καὶ
393 1343 589 1430 ἀεροπόρων·
619 1339 698 1432 αύτη
728 1344 789 1431 γάρ
818 1345 1072 1430 αἰσθητικωτέρα
1100 1344 1155 1430 μέν
1184 1344 1249 1408 ἐστι
1270 1349 1325 1428 τῆς
1349 1343 1387 1407 ἐν
1412 1339 1519 1428 ἰχθύαη

180 1477 207 1529 p.
220 1461 252 1512 15
264 1459 297 1512 Μ.
316 1455 512 1541 ἀμυδροτέρα
534 1457 569 1520 δέ
591 1457 646 1540 τῆς
669 1457 701 1523 ἐν
728 1452 915 1542 ἀνθρώποις.
944 1456 991 1521 διὸ
1015 1456 1019 1542 ψ
1038 1457 1099 1522 τῶν
1121 1454 1270 1541 ἐμψύχων
1292 1453 1441 1539 πρώτους
1460 1453 1489 1535 έγ

261 1581 295 1626 10
316 1587 408 1651 νησεν
431 1565 547 1652 ἰχθύας
568 1567 663 1634 πλέον
686 1568 873 1654 μετέχοντας
887 1574 1067 1654 σωματικῆς
1088 1567 1110 1652 ἦ
1133 1567 1272 1652 ψυχικῆς
1294 1559 1416 1648 ούσίας,
1432 1562 1519 1649 τρύπα

295 1678 381 1742 Ιτινά
415 1677 482 1763 ζῷα
510 1679 565 1742 καί
598 1672 634 1742 ού
661 1679 744 1765 ζῷα,
773 1678 885 1766 κινητά
911 1678 1037 1767 ἀψυχα,
1066 1679 1142 1765 πρὸς
1171 1672 1247 1744 αύτό
1276 1677 1372 1765 μόνον
1402 1678 1458 1762 την
1479 1675 1520 1740 τόν

317 1787 468 1874 σωμάτων
497 1788 646 1876 διαμονήν
674 1791 932 1877 παρασπαρέντος
961 1791 1064 1869 αὐτοῖς
1091 1791 1146 1856 τοῦ
1169 1791 1367 1877 ψυχυειδοῦς,
1392 1787 1519 1868 καθάπερ

318 1904 394 1986 φασί
420 1902 491 1980 τούς
518 1897 596 1980 ἅλας
626 1913 689 1981 τοίς
716 1903 859 1989 κρέασιν,
887 1905 935 1970 ἵνα
965 1903 1008 1990 μὴ
1037 1903 1149 1991 ῥᾳδίως
1175 1903 1370 1987 φθείροιντο·
1405 1899 1520 1987 μετάδέ

317 2012 388 2092 τούς
416 2012 531 2100 ἰχθύας
557 2013 596 2080 τά
624 2015 726 2101 πτηνά
747 2017 803 2080 καί
823 2025 973 2101 χερσαῖα·
1002 2015 1066 2100 ἤδη
1088 2012 1150 2100 γάρ
1171 2012 1270 2078 ταῦτά
1291 2012 1324 2099 γ’
1348 2009 1521 2098 αἰσθητικά

263 2143 297 2188 16
317 2148 392 2212 τερα
419 2130 474 2191 καί
501 2125 553 2192 διά
581 2129 637 2212 τῆς
664 2129 865 2212 κατασκευῆς
894 2127 1080 2214 ἐμφαίνοντα
1108 2125 1294 2211 τρανοτέρας
1322 2123 1379 2202 τάς
1409 2125 1463 2208 τῆς
1484 2114 1530 2206 ψυψ

317 2238 447 2324 χώσεως
470 2239 637 2326 ἰδιότητας·
662 2242 712 2305 ἐπὶ
734 2242 769 2305 δέ
791 2246 893 2323 πᾶσιν,
917 2233 958 2316 ιύς
981 2239 1114 2325 ἐλέχθη,
1143 2238 1195 2304 τόν
1222 2237 1406 2323 ἄνθρωπον,
1430 2235 1522 2322 ᾤνούι

320 2349 474 2435 ἐξαίρετον
497 2351 651 2435 ἐδωρεῖτο,
675 2351 780 2438 ψυχῆς
802 2374 868 2418 τινα
890 2349 997 2437 ψυχὴν
1018 2349 1168 2436 καθάπερ
1189 2348 1289 2436 κόρην
1311 2351 1344 2416 ἐν
1367 2343 1521 2435 ὀφθαλμῷ·

318 2464 373 2525 καὶ
399 2460 461 2547 γάρ
487 2461 603 2547 ταύτην
632 2464 662 2528 οἰ
686 2465 741 2543 τάς
769 2463 874 2550 φύσεις
900 2467 961 2530 τῶν
987 2462 1179 2550 πραγμάτων
1206 2455 1433 2548 ἀκριβέστερον
1461 2461 1522 2543 ἐριν-

318 2574 428 2649 νῶντες
450 2571 619 2658 ὀφθαλμοῦ
640 2572 782 2659 λέγουσιν
804 2573 971 2661 ὀφθαλμόν
994 2575 1078 2642 εἰναι.

263 2695 299 2742 20
406 2682 463 2748 22.
508 2682 588 2750 Τότε
611 2688 666 2770 μὲν
688 2685 742 2752 υύν
757 2685 823 2772 άμα
845 2685 946 2753 πάντα
969 2687 1145 2752 συνίστατο.
1169 2684 1399 2770 συνισταμένων
1422 2678 1451 2750 δ’
1466 2681 1523 2768 ὁμιύ

318 2793 450 2878 πάντων,
473 2793 494 2881 η
517 2796 599 2874 τάξις
622 2795 800 2883 ἀναγκαίως
821 2796 906 2884 λόγῳ
922 2791 1121 2884 ὑπεγράφετο
1139 2798 1190 2862 διά
1204 2796 1261 2882 την
1284 2797 1441 2883 ἐσομένην
1456 2795 1524 2867 αύθς

320 2905 352 2985 ἐξ
375 2905 521 2994 ἀλληλων
542 2908 669 2994 γένεσιν.
700 2910 732 2974 ἐν
755 2911 790 2974 δέ
812 2919 874 2988 τοίς
888 2909 972 2974 κατὰ
988 2908 1080 2996 μέρος
1093 2909 1262 2995 γινομένοις
1276 2906 1359 2988 τάξις
1380 2908 1438 2995 ἥδ’
1456 2905 1523 2984 ἐστίν,

406 3098 583 3168 ἐπαγκάλως
595 3098 665 3163 Ma,
684 3101 736 3151 πάν
753 3102 830 3166 καλῷ
845 3098 872 3154 V
937 3101 1061 3170 όψυχῆς
1079 3098 1142 3156 Vb:
1161 3097 1232 3168 ψυχή
1252 3096 1315 3154 Ma
1385 3094 1523 3152 6κατάττ1

320 3183 443 3238 πάνταΑ
497 3187 572 3256 Ὶτῷ]
585 3190 618 3254 τῇ
632 3187 760 3255 (utroque
772 3187 846 3256 loco)
865 3186 926 3242 VM
929 3192 948 3243 b
1001 3189 1129 3242 τῶνειιίε
1147 3189 1277 3254 χερσαίων
1295 3202 1349 3238 om.
1368 3183 1410 3238 M
1459 3179 1524 3249 8ης]

320 3270 419 3335 τοῖςίλ
488 3272 699 3343 9τῆς]τοίςΜ
747 3273 906 3340 πρῶτυνΜ
963 3276 996 3328 10
1015 3273 1136 3342 ἰχθύας
1160 3271 1394 3341 ίιίχθύςοείαά
1451 3271 1525 3325 nm

321 3374 375 3410 om.
399 3356 426 3412 V
496 3355 610 3428 ἀκίνητα
628 3359 665 3413 Μ
737 3356 802 3413 αύτό
821 3359 912 3414 codd:
932 3355 1015 3430 αὐτὴν
1038 3362 1121 3415 Turn.
1198 3361 1231 3413 12
1249 3363 1471 3427 παρασπέροντος
1485 3351 1525 3409 BD

357 3445 389 3498 13
413 3449 477 3513 φησί
498 3448 560 3511 τούς
583 3443 704 3512 ἀλέστοις
726 3451 835 3514 κρέασιν
853 3446 891 3501 Μ
963 3451 990 3500 έν
1013 3455 1067 3513 τοῖς
1089 3451 1198 3514 κρέασιν
1218 3445 1245 3502 V
1305 3447 1460 3512 φθείροινιο
1477 3442 1525 3498 Vb:

322 3533 516 3598 διαφθείροιντο
535 3550 566 3600 a,
586 3535 768 3602 διαφθείροιτο
791 3532 828 3587 Μ
896 3534 929 3587 14
956 3534 1075 3602 ἰχθύας
1098 3532 1209 3590 VMa:
1233 3535 1357 3599 ίχθύςὺ
1442 3535 1485 3584 καί
1504 3526 1526 3578 τί

320 3624 433 3684 χερσαῖα
451 3637 475 3676 α
526 3619 627 3689 ἧδειίί
677 3616 703 3688 γ’
720 3637 773 3675 0111.
798 3619 884 3676 VMa
939 3621 971 3674 15
989 3623 1157 3688 τρανωτέρας
1168 3617 1256 3682 ΑΒΘ,
1274 3622 1443 3686 τρανοτέρας
1455 3618 1525 3672 om

322 3705 417 3774 (habet
435 3704 471 3774 F)
541 3706 695 3776 ψυχώσεως]
714 3705 844 3774 ψυχῆςΙί
913 3707 944 3760 16
956 3706 986 3758 τό
1000 3701 1165 3774 ἀνθρωπίνου
1177 3705 1237 3774 (sic)
1250 3703 1296 3758 Ρ
1365 3706 1442 3778 νοῦν]
1455 3697 1526 3769 νύφίλ

358 3793 389 3844 17
408 3793 496 3861 ψυχῆς
520 3790 595 3847 VM:
614 3795 687 3861 ψυχῇ
705 3798 761 3849 αἰ)
842 3792 966 3860 κόρινλΤ
1044 3793 1079 3846 20
1096 3798 1245 3845 συνίσταντο
1264 3790 1327 3847 Ma
1411 3794 1447 3846 21
1466 3787 1526 3853 ἀναγ-

320 3873 731 3946 καίωςῩΜΕαιάναγκαίῳῠ
785 3878 970 3947 θθμέρουςΙ
1018 3876 1067 3948 ἧδ’
1089 3883 1176 3932 ἐστίν
1199 3877 1302 3934 VMa:
1320 3876 1372 3946 η’δε
1389 3895 1425 3945 γε
1445 3878 1526 3932 ἐστίνύ

411 4055 443 4107 16
464 4069 526 4122 sqq.
545 4052 607 4121 quis
626 4068 677 4106 rer.
697 4053 750 4106 div.
770 4053 829 4106 her.
848 4052 930 4106 1480
956 4047 1028 4122 ψυχὴ
1053 4055 1133 4122 διχῶς
1157 4055 1273 4119 λέγεται,
1294 4050 1312 4120 ἥ
1332 4067 1362 4103 τε
1380 4049 1436 4119 ὅλη
1454 4053 1495 4104 καί
1508 4045 1526 4096 τί

321 4139 481 4210 ἡγεμονικὸν
501 4135 584 4206 αὐτῆς
603 4143 692 4206 μέρος,
710 4137 725 4191 ὃ
743 4143 843 4206 κυρίως
861 4143 940 4191 εἰπεῖν
959 4139 1030 4208 ψυχὴ
1050 4139 1138 4207 ψυχῆς
1157 4142 1231 4205 ἐστιν,
1255 4137 1384 4204 καθάπερ
1401 4133 1528 4205 ὀφθαλμὸς

322 4226 336 4279 ὅ
356 4245 385 4279 τε
403 4226 505 4291 κύκλος
523 4226 627 4294 σύμπας
649 4231 696 4279 καί
719 4226 748 4278 τό
772 4226 934 4293 κυριώτατον
957 4230 1038 4294 μέρος
1056 4226 1085 4278 τύ
1105 4225 1126 4293 ᾤ
1146 4228 1283 4292 βλέπομεν.
1319 4225 1395 4293 quod
1419 4221 1528 4280 deussit

322 4314 427 4368 immut.
446 4314 458 4366 I
477 4316 528 4368 279
550 4317 685 4380 ἐξαίρετον
704 4313 781 4377 ούτος
800 4311 824 4382 (ό
844 4305 997 4381 ἄνθρωπος)
1014 4317 1098 4365 τοίνυν
1116 4315 1199 4380 γέρας
1217 4315 1300 4379 ἐλαχε
1317 4311 1447 4379 διάνοιαν,
1465 4313 1480 4380 ᾖ
1495 4308 1528 4369 ιάί

323 4395 446 4453 ἁπάντων
464 4401 554 4467 φύσεις
572 4400 700 4469 σωμάτων
718 4417 748 4452 τε
764 4398 831 4468 όμού
844 4405 891 4453 καί
903 4400 1065 4468 πραγμάτων
1078 4402 1158 4453 εἴωθε
1169 4399 1397 4466 καταλαμβάνειν·
1416 4399 1526 4460 καθάπερ

322 4487 376 4553 γάρ
395 4490 423 4540 ἐν
441 4490 487 4554 μέν
504 4490 541 4555 τῷ
560 4488 660 4556 σώματι
677 4487 706 4540 τό
725 4485 885 4555 ἡγεμονικόν
902 4487 963 4555 ὄψις
986 4491 1065 4551 ἐστίν,
1094 4490 1121 4538 ἐν
1145 4489 1175 4539 δὲ
1196 4489 1233 4555 τῷ
1256 4490 1333 4539 παντί
1350 4505 1367 4554 η
1387 4489 1437 4539 τοῦ
1462 4483 1528 4554 φωτός

323 4570 412 4638 φύσις,
438 4573 483 4626 τόν
507 4569 587 4627 αὐτόν
609 4574 707 4640 τρόπον
730 4577 778 4626 καί
800 4575 852 4626 τῶν
875 4577 902 4626 ἐν
924 4573 986 4641 ἡμίν
1008 4574 1037 4626 τό
1061 4575 1232 4640 κρατιστεύον
1249 4569 1264 4624 ό
1283 4573 1357 4636 νοῦς·
1385 4575 1477 4642 ψυχῆς
1491 4565 1527 4638 γάρ

323 4658 384 4725 ὄψις
402 4657 487 4724 ούτος.
